3976 6219
517 392 636 452 164

516 517 691 574 vum,
742 494 924 578 quale
950 498 1042 558 est
1074 493 1177 573 jus
1216 493 1480 556 ducendi
1501 510 1780 567 uxorem,
1809 493 1912 571 jus
1932 492 2079 553 reti·

516 594 708 658 nendi
753 597 814 654 et
855 586 1254 652 conservandi
1311 586 1622 667 propriam
1660 584 2071 654 ,libertatemz

515 690 633 751 hoc
676 686 844 749 enim
888 684 1213 745 honestum
1243 685 1355 757 est,
1406 686 1468 742 et
1516 679 1671 740 illud
1713 680 1814 759 jus
1841 684 2078 739 naturae

516 780 815 852 concedit,
851 796 978 838 non
1006 775 1302 856 praecipit.
1351 774 1428 833 Et
1454 774 1521 833 in
1556 772 1677 833 hoc
1704 791 1887 834 sensu
1924 771 2078 832 solet

517 873 815 952 distingui
838 870 1065 951 duplex
1085 871 1184 949 jus
1209 873 1469 942 naturae,
1505 867 1670 927 aliud
1717 867 2075 945 positivum,

515 968 697 1042 idest,
719 964 1099 1046 praecipiens3
1129 959 1296 1022 aliud
1320 960 1704 1037 negativum,
1729 958 1793 1018 id
1812 966 1926 1034 est,
1952 977 2079 1019 non

514 1059 870 1142 prohibens,
909 1063 980 1117 ut
1018 1054 1228 1116 videre
1267 1052 1413 1113 licet
1453 1052 1520 1112 in
1552 1052 1837 1126 Covarr0,
1865 1051 2082 1129 regula

516 1156 859 1228 Peccatum,
889 1152 929 1212 2
954 1154 1143 1230 part„
1186 1146 1223 1225 ἓ
1269 1150 1367 1222 11,
1416 1165 1481 1206 0.
1521 1145 1580 1220 3,
1615 1150 1676 1206 01
1706 1163 1893 1224 supra
1919 1149 2076 1204 1100-

514 1248 706 1309 tando
724 1247 800 1308 de
823 1241 1326 1306 immutabilitate
1351 1239 1507 1318 legis
1535 1237 1857 1313 0011110115,
1905 1237 2077 1297 1110111

516 1339 974 1403 distinctionem
1005 1331 1480 1414 explicavimus:
1525 1338 1586 1393 et
1615 1331 1771 1392 ratio
1813 1335 1905 1391 est
1933 1330 2078 1409 quia

513 1435 672 1497 ratio
694 1430 994 1494 naturalis
1025 1446 1153 1489 non
1180 1427 1380 1488 solum
1408 1425 1597 1486 dictat
1624 1423 1770 1504 quid
1803 1440 2080 1484 necessa-

513 1528 679 1589 rium
717 1527 818 1602 sit,
859 1523 966 1585 sed
1000 1521 1188 1583 etiam
1223 1518 1370 1599 quid
1395 1517 1599 1578 liceat.
1642 1516 1898 1590 Quando
1927 1533 2077 1594 ergo

514 1620 742 1681 dicitur
779 1619 879 1696 jus
925 1615 1204 1694 gentium
1243 1611 1388 1673 dare
1436 1609 1789 1671 facultatem
1824 1609 2077 1670 honeste

514 1711 812 1793 operandi
839 1707 1094 1787 aliquid,
1128 1706 1442 1782 interrogo
1464 1722 1546 1764 00
1568 1702 1676 1763 1Πο
1700 1702 1977 1779 10001105,
2006 1708 2077 1763 ut

515 1812 607 1869 est
635 1806 802 1884 justa
837 1807 897 1864 et
930 1800 1214 1875 honesta,
1242 1796 1544 1858 habeatur
1575 1813 1652 1857 ex
1679 1795 1811 1875 ipsa
1837 1796 2076 1857 ratione

514 1896 787 1960 naturali
816 1894 1064 1975 praecise
1101 1895 1391 1971 spectata,
1413 1889 1512 1950 vel
1535 1907 1612 1950 ex
1638 1888 1846 1968 aliqua
1874 1888 2078 1949 homi·

512 2010 667 2054 num
697 1987 1116 2051 consensione.
1149 1985 1214 2045 Si
1250 1983 1525 2062 primum
1553 1981 1813 2058 dicatur,
1838 1982 1972 2060 jam
2001 1981 2075 2041 il-

512 2086 624 2147 lud
640 2087 744 2163 jus
771 2082 890 2144 erit
920 2079 1226 2154 naturale,
1267 2077 1410 2138 licet
1447 2075 1526 2136 sit
1557 2081 1803 2136 tantum
1832 2093 2077 2136 conces-

510 2179 733 2241 sivum.
784 2176 849 2238 Si
892 2192 1038 2236 vero
1064 2173 1305 2233 dicatur
1331 2170 1695 2245 secundum,
1734 2168 1833 2229 vel
1854 2187 2074 2248 proce-

510 2272 669 2333 dunt
717 2268 986 2331 rationes
1028 2265 1230 2340 factae,
1275 2263 1439 2343 quod
1493 2262 1650 2323 illud
1695 2280 1823 2322 non
1860 2261 1937 2321 sit
1974 2263 2076 2340 jus

508 2365 797 2445 gentium
825 2362 1184 2423 distinctum
1212 2376 1250 2418 a
1277 2356 1467 2432 civili,
1497 2355 1598 2416 vel
1625 2355 1677 2415 si
1713 2372 1786 2415 eo
1818 2372 1945 2415 non
1966 2353 2067 2415 ob-

508 2463 710 2519 stante
738 2459 938 2536 potest
965 2469 1096 2514 esse
1122 2450 1245 2511 tale
1263 2450 1362 2527 jus
1385 2447 1804 2509 concessivum
1829 2447 2075 2507 distinc-

507 2556 645 2611 tum
680 2568 719 2609 a
754 2546 941 2621 civili,
986 2550 1048 2606 et
1075 2541 1250 2622 quasi
1281 2540 1558 2602 medium
1589 2540 1753 2600 inter
1790 2539 2075 2601 naturale

511 2649 574 2704 et
596 2641 800 2715 civile,
831 2638 1047 2700 eadem
1069 2635 1308 2697 ratione
1328 2632 1553 2713 poterit
1574 2632 1710 2693 dari
1750 2633 1947 2694 simile
1971 2634 2073 2731 {¹¹5

507 2733 967 2817 praeceptivum.
1955 2755 1979 2776 .

588 2831 650 2889 4.
695 2821 1075 2905 Responderi
1105 2825 1304 2901 potest
1328 2817 1484 2879 illud
1511 2819 1616 2897 jus
1655 2817 1869 2879 haberi
1897 2836 1974 2879 ex
2009 2818 2073 2879 vi

508 2924 698 2986 solius
741 2917 1000 2982 rationis
1046 2913 1344 2976 naturalis
1359 2930 1378 2990 3
1425 2918 1638 2973 tamen
1687 2930 1815 2972 non
1851 2931 2072 2974 conve-

503 3017 640 3078 nire
668 3011 1024 3074 hominibus
1058 3005 1336 3068 absolute
1364 3005 1673 3084 spectatiS,
1704 3004 1808 3065 sed
1828 3010 1897 3065 ut
1926 3023 2067 3066 con-

506 3107 777 3190 gregatis
825 3106 891 3165 in
937 3102 1145 3182 aliqua
1183 3099 1470 3161 societate
1501 3098 1797 3174 humana,
1834 3103 1896 3160 et
1931 3098 2070 3160 ideo

503 3197 805 3278 distingui
861 3215 899 3257 a
946 3193 1241 3275 primario
1272 3193 1414 3271 jure
1464 3190 1733 3251 naturali
1769 3196 2069 3271 tanquam

501 3291 963 3364 secundarium,
978 3287 1304 3365 vocarique
1312 3285 1415 3364 jus
1433 3284 1735 3363 gentium.
1758 3285 2070 3364 Exemplis

502 3387 743 3450 usitatis
784 3385 854 3445 in
897 3382 1013 3442 hac
1053 3380 1314 3441 materia
1353 3378 1733 3439 declaratur:
1761 3396 1908 3439 nam
1944 3378 2071 3440 bel-

502 3483 661 3556 lum,
706 3475 881 3538 verbi
914 3472 1135 3553 gratia,
1190 3471 1418 3531 dicitur
1455 3488 1582 3531 esse
1616 3470 1692 3530 de
1726 3470 1867 3548 ,iure
1909 3489 2068 3550 gen-

503 3574 687 3648 tium,
735 3589 866 3631 non
911 3567 1057 3647 quia
1109 3564 1502 3645 praecipiatur
1530 3563 1718 3624 etiam
1753 3563 2067 3643 supposito

496 3668 667 3746 justo
710 3662 915 3736 titulo,
947 3659 1051 3719 sed
1082 3658 1230 3736 quia
1256 3656 1607 3717 conceditur
1626 3661 1925 3734 tanquam
1956 3656 2066 3715 ho·

502 3764 784 3821 nestum:
818 3753 936 3813 1100
964 3756 1172 3812 0111010
1205 3766 1398 3828 genus
1413 3748 1569 3827 juris
1591 3748 1880 3827 supponit
1901 3766 2065 3807 com-

500 3851 873 3915 munitatem
901 3845 1263 3918 humanam,
1295 3846 1366 3901 ut
1390 3845 1648 3901 constat.
1682 3841 1832 3901 Item
1847 3839 2065 3900 divisio

501 3959 817 4026 agrorum,
854 3956 962 4000 seu
998 3943 1327 4011 terrarum,
1370 3952 1442 3994 00
1468 3934 1728 4008 sedium,
1760 3939 1821 3993 et
1850 3933 2063 3993 termi-

498 4053 725 4100 norum
771 4033 840 4093 in
887 4027 1204 4092 communi
1233 4026 1459 4088 dicitur
1487 4043 1614 4086 esse
1643 4024 1719 4085 de
1743 4025 1885 4103 jure
1913 4043 2064 4104 gen-

499 4132 681 4204 tium,
739 4144 877 4207 quae
912 4122 1235 4184 manifeste
1278 4119 1569 4199 supponit
1609 4118 2062 4179 institutionem

496 4224 913 4283 humanarum
950 4215 1332 4288 societatum,
1367 4219 1430 4273 et
1483 4211 1589 4271 illa
1628 4211 1940 4290 supposita
1985 4229 2063 4271 ex

497 4316 564 4376 vi
604 4314 789 4375 solius
833 4308 1090 4371 rationis
1132 4305 1433 4367 naturalis
1467 4304 1679 4365 omnia
1704 4304 1812 4363 illa
1845 4304 2057 4378 licent,

498 4407 644 4467 licet
670 4402 1027 4482 simpliciter
1054 4398 1394 4459 necessaria
1424 4413 1553 4455 non
1580 4395 1723 4454 sint.
1757 4395 1873 4456 Sed
1916 4414 2059 4456 con-

498 4506 596 4559 tra
627 4497 744 4557 hoc
771 4501 861 4556 est
905 4492 1130 4571 primo,
1156 4489 1301 4567 quia
1334 4487 1598 4566 ipsamet
1630 4486 1909 4563 gentium
1939 4487 2058 4545 dis-

501 4590 691 4652 cretio
723 4592 785 4648 et
830 4598 1165 4661 regnorum
1215 4579 1436 4638 divisio
1478 4583 1568 4638 est
1607 4578 1682 4637 de
1724 4578 1863 4656 jure
1909 4595 2061 4654 gen-

497 4684 685 4755 tium,
737 4686 808 4739 ut
854 4676 1077 4737 dicitur
1122 4674 1190 4733 in
1235 4671 1280 4731 l.
1325 4672 1435 4732 Εω
1483 4672 1589 4733 hoc
1631 4672 1801 4748 jure,
1860 4671 1926 4729 ff.
1982 4670 2058 4730 de

495 4773 748 4838 Justitia
780 4777 841 4831 et
873 4771 1037 4847 jure,
1068 4771 1131 4828 et
1159 4771 1370 4825 tamen
1407 4770 1551 4823 ante
1591 4763 1762 4822 111010
1810 4762 2058 4822 divisio-

496 4887 643 4930 nem
659 4884 785 4926 non
814 4860 1180 4941 supponitur
1201 4856 1438 4936 aliquid
1454 4861 1677 4935 praeter
1700 4861 1929 4916 statum
1948 4875 2057 4916 na-

494 4961 760 5024 turalem
786 4957 1115 5019 hominum
1140 4971 1156 5014 :
1183 4970 1330 5032 ergo
1359 4969 1486 5011 non
1510 4968 1750 5028 semper
1772 4950 1872 5027 jus
1904 4968 2052 5027 gen-

493 5056 656 5116 tium
675 5054 873 5115 oritur
904 5069 979 5111 ex
1007 5049 1112 5109 1110
1140 5046 1583 5126 suppositione,
1613 5043 1718 5104 sed
1743 5042 1940 5102 solum
1978 5061 2051 5102 ex

493 5166 650 5228 pura
669 5144 1018 5207 conditione
1036 5139 1329 5214 naturali,
1357 5156 1482 5217 qua
1498 5137 1684 5197 homo
1713 5142 1804 5196 est
1822 5135 2053 5194 animal

493 5238 739 5313 sociale,
751 5239 850 5315 adj
857 5242 1045 5296 uncto
1057 5231 1326 5294 naturali
1345 5232 1531 5291 etiam
1542 5228 1868 5308 principio,
1885 5227 2051 5305 quod

491 5332 711 5396 divisio
751 5331 1069 5390 civitatum
1119 5332 1210 5387 est
1256 5324 1453 5403 magis
1484 5321 1941 5383 accommodata
1970 5319 2050 5379 ad

489 5427 818 5487 hominum
839 5421 1385 5483 conservationem.
1407 5416 1688 5478 Secundo
1715 5432 2050 5493 argumen-

491 5526 613 5596 tor,
642 5519 788 5600 quia
816 5514 981 5598 quod
1009 5514 1076 5576 in
1102 5510 1459 5594 hujusmodi
1483 5510 1668 5572 rebus
1687 5508 2051 5587 autjuribus

1149 392 1264 444 LIB.
1300 392 1361 444 11.
1397 392 1478 444 DE
1510 390 1671 444 LEGE
1703 389 1987 453 AETERNA,
2021 389 2104 442 ET
2135 389 2468 456 NATURAm,
2504 390 2584 443 Ac
2613 391 2764 443 JURE
2798 391 3088 445 GENTIUM.

2158 497 2587 572 supponantur
2621 492 2939 554 societates
2982 491 3336 567 hominum,
3389 512 3515 555 non
3557 495 3718 557 tollit

2158 586 2311 666 quin
2339 585 2494 647 illud
2521 586 2622 664 jus
2651 586 3069 647 concessivum
3106 586 3387 648 naturale
3423 589 3523 663 sit,
3572 590 3719 668 quia

2158 679 2266 744 illa
2289 680 2623 758 suppositio
2645 680 2844 740 solum
2871 681 3336 760 praerequiritur
3363 685 3432 740 111
3466 682 3717 743 10501101

2158 772 2417 832 materia
2448 771 2586 832 talis
2608 772 2801 851 juris:
2833 772 3051 850 regula
3082 778 3292 833 0111010
3311 773 3441 852 ipsa
3463 775 3718 835 rationis

2158 870 2342 925 antea
2377 870 2531 939 erat,
2554 870 2617 926 et
2648 883 2890 945 semper
2924 864 3225 926 naturalis
3253 874 3363 927 est.
3393 865 3713 943 Probatur,

2159 958 2305 1037 quia
2340 959 2440 1037 jus
2480 959 2910 1039 praeoeptivum
2940 977 3096 1037 saepe
3138 959 3323 1021 etiam
3359 978 3485 1020 non
3531 960 3717 1021 habet

2160 1053 2482 1113 materiam
2512 1053 2578 1113 in
2608 1071 2733 1132 qua
2759 1057 2898 1113 actu
2940 1052 3193 1132 obliget,
3242 1052 3362 1113 nisi
3406 1055 3715 1132 supposita

2155 1145 2284 1205 vita
2311 1146 2636 1206 hominum
2664 1146 2730 1205 in
2752 1146 3195 1206 communitate
3223 1150 3285 1205 et
3325 1145 3634 1221 societate,
3656 1153 3716 1207 et

2156 1239 2566 1301 nihilominus
2594 1239 2744 1300 talia
2793 1244 3097 1318 praecepta
3129 1256 3372 1318 semper
3398 1244 3539 1299 sunt
3559 1240 3715 1318 juris

2158 1331 2479 1408 0011110115,
2506 1337 2577 1393 111
2601 1350 2785 1412 supra
2804 1330 3132 1411 probatum
3165 1337 3279 1406 est,
3328 1337 3389 1392 et
3411 1331 3559 1391 dicti
3578 1350 3716 1392 auc-

2159 1431 2323 1486 tores
2374 1426 2559 1486 etiam
2612 1424 3000 1502 concedunt3
3052 1441 3200 1503 ergo
3228 1423 3394 1485 idem
3425 1426 3542 1485 erit
3577 1444 3711 1486 cum

2158 1519 2554 1597 proportione
2593 1518 2661 1577 in
2707 1518 2846 1597 jure
2903 1518 3288 1578 concessivo:
3341 1516 3515 1577 nulla
3549 1518 3712 1578 enim

2158 1610 2506 1671 verisimilis
2525 1611 2683 1671 ratio
2711 1609 3072 1671 differentiae
3090 1611 3391 1689 assignari
3419 1629 3592 1690 posse
3618 1612 3715 1671 vi-

2157 1703 2358 1764 detur.

2238 1801 2297 1859 5.
2344 1796 2575 1858 Deinde
2602 1796 2858 1858 ostendo
2890 1814 3018 1856 non
3051 1795 3321 1875 separari
3341 1795 3445 1873 jus
3472 1813 3715 1857 conces-

2157 1891 2359 1951 sivum
2404 1891 2483 1950 ab
2529 1891 2701 1951 omni
2740 1891 2880 1969 jure
2924 1890 3321 1968 praecipiente
3364 1890 3463 1950 vel
3511 1892 3716 1970 prohi-

2154 1984 2361 2058 bente,
2384 1989 2446 2044 et
2474 1984 2537 2044 in
2566 1983 2853 2062 praesenti
2875 1982 3138 2044 materia
3159 1982 3212 2043 si
3238 2001 3432 2042 unum
3463 1983 3542 2043 sit
3561 1985 3716 2062 juris

2155 2078 2459 2156 gentium,
2482 2078 2670 2138 etiam
2691 2076 2954 2138 alterum
2982 2093 2997 2137 ε
3024 2075 3122 2137 vel
3152 2076 3203 2135 si
3225 2094 3422 2136 unum
3450 2082 3540 2137 est
3560 2077 3716 2155 juris

2155 2169 2477 2245 0011110115,
2522 2171 2711 2231 etiam
2755 2170 2945 2245 aliud,
2992 2175 3054 2231 et
3094 2169 3180 2229 ita
3220 2188 3347 2230 non
3389 2170 3713 2232 subsistere

2155 2264 2614 2327 distinctionem
2647 2265 2876 2326 datam.
2914 2264 3192 2325 Primum
3223 2263 3565 2325 declaratur
3600 2265 3713 2325 im-

2124 2357 2370 2436 ·primis
2411 2357 2691 2436 exemplo
2729 2355 3078 2436 privilegii:
3109 2373 3258 2417 nam
3285 2373 3358 2416 eo
3394 2357 3524 2435 ipso
3552 2357 3712 2436 quod

2154 2450 2267 2509 uni
2298 2450 2674 2525 conceditur,
2697 2449 3048 2529 praecipitur
3073 2448 3209 2509 aliis
3234 2467 3314 2509 ne
3341 2467 3524 2510 usum
3550 2450 3713 2510 illius

2152 2540 2518 2620 impediant,
2544 2548 2606 2604 et
2636 2542 2753 2603 1100
2780 2542 3020 2602 ratione
3048 2540 3504 2621 explicabamus
3531 2561 3712 2621 supra

2152 2636 2455 2696 rationem
2489 2635 2643 2715 legis
2671 2637 2738 2695 in
2770 2635 3132 2716 privilegio:
3167 2636 3285 2696 hoc
3312 2642 3517 2697 autem
3546 2654 3713 2697 eam-

2154 2727 2296 2787 dem
2324 2729 2628 2790 rationem
2656 2727 2844 2789 habet
2869 2729 2937 2789 in
2972 2728 3143 2789 omni
3173 2729 3312 2807 jure
3341 2731 3706 2791 concessivo.

2154 2820 2434 2881 Secundo
2474 2821 2833 2883 declaratur
2855 2821 3255 2882 discurrendo
3292 2840 3401 2900 per
3432 2823 3711 2903 exempla

2149 2913 2306 2992 juris
2347 2915 2648 2992 gentium,
2698 2933 2836 2994 quae
2876 2914 3142 2975 Isidorus
3175 2916 3401 2994 posuit.
3434 2916 3708 2977 Primum

2153 3012 2243 3067 est
2283 3008 2513 3070 sedium
2556 3010 2882 3088 occupatiO,
2917 3008 3050 3069 haec
3095 3009 3264 3068 enim
3296 3008 3385 3069 ita
3422 3014 3512 3069 est
3546 3009 3710 3070 licita

2150 3100 2484 3181 unicuique
2521 3101 2663 3180 jure
2701 3102 3003 3180 gentium,
3037 3101 3135 3164 vel
3173 3102 3376 3182 potius
3416 3103 3706 3179 naturali,

2151 3198 2220 3253 ut
2249 3212 2432 3254 nemo
2454 3195 2622 3272 juste
2658 3194 2955 3274 impedire
2986 3196 3173 3274 possit
3200 3195 3392 3256 alium
3428 3196 3709 3274 quamvis

2149 3291 2404 3365 occupet
2444 3286 2649 3347 sedem
2679 3286 2756 3347 ab
2789 3288 2912 3347 alio
2953 3306 3079 3348 non
3113 3293 3620 3367 praeoccupatam,
3651 3294 3710 3349 et

2148 3378 2235 3437 ita
2275 3378 2382 3438 illa
2418 3380 2726 3440 concessio
2755 3380 2941 3440 habet
2978 3398 3293 3441 annexum
3329 3380 3445 3441 hoc
3489 3399 3706 3461 praece-

2148 3476 2344 3549 ptum.
2399 3472 2750 3533 Secundum
2801 3472 3153 3551 exemplum
3203 3478 3295 3534 est
3342 3474 3699 3550 oedificatio:

2147 3564 2401 3624 tertium
2446 3565 2726 3639 munitiO,
2758 3566 2833 3626 de
2863 3566 3088 3644 quibus
3129 3570 3218 3626 est
3265 3566 3482 3627 eadem
3524 3566 3700 3628 ratio.

2146 3658 2299 3717 Nam
2328 3664 2632 3736 repugnat
2661 3658 2933 3737 aliquem
2964 3659 3190 3719 habere
3218 3658 3479 3720 liberam
3506 3659 3705 3720 facul·

2144 3756 2335 3811 tatem
2385 3750 2751 3827 aedificandi,
2801 3752 2898 3813 vel
2949 3752 3270 3812 muniendi
3323 3750 3565 3814 terram·
3601 3766 3705 3813 aut

2143 3843 2582 3922 possessionem
2611 3862 2649 3904 a
2674 3862 2736 3904 50
2766 3849 3148 3924 occupatam,
3173 3850 3235 3904 et
3260 3862 3435 3923 posse
3462 3845 3541 3904 ab
3568 3844 3705 3906 aliis

2136 3938 2301 4016 juste
2337 3938 2623 4018 impediri
2650 3944 2759 3998 aut
2791 3938 3137 4017 perturbari
3172 3938 3238 3998 in
3273 3957 3389 3998 usu
3419 3939 3580 3999 illius
3605 3938 3703 4000 fa-

2145 4030 2431 4091 cultatis:
2477 4048 2624 4109 ergo
2672 4037 2764 4091 est
2813 4031 3153 4091 necessaria
3196 4031 3498 4091 connexio
3543 4031 3704 4091 inter

2137 4123 2243 4202 jus
2295 4123 2711 4184 concessivum
2769 4129 2830 4184 et
2885 4123 3343 4202 praeceptivum.
3404 4124 3701 4196 Quartum

2144 4215 2495 4289 exemplum
2525 4222 2617 4275 est
2644 4216 2815 4291 bella,
2846 4216 2913 4275 in
2944 4233 3067 4294 quo
3095 4214 3158 4274 id
3190 4215 3532 4275 evidentius
3559 4233 3703 4276 con—

2143 4312 2283 4367 stat.
2313 4309 2467 4367 Nam
2498 4308 2803 4386 imprimis
2831 4309 3119 4387 supponit
3153 4313 3530 4387 praeceptum
3559 4326 3700 4386 pro-

2139 4399 2358 4458 hibens
2392 4401 2736 4477 aggressori
2768 4400 2889 4459 tale
2921 4400 3183 4474 bellum3
3225 4401 3361 4460 ideo
3390 4400 3556 4460 enim
3593 4402 3701 4461 uni

2138 4492 2282 4551 licet
2307 4491 2605 4567 defensi0,
2624 4495 2769 4571 quia
2794 4492 2951 4575 alter
2968 4492 3194 4570 injuste
3223 4491 3454 4553 bellum
3484 4511 3702 4571 aggre-

2139 4583 2326 4644 ditur.
2368 4583 2597 4645 Deinde
2637 4591 2918 4664 respectu
2944 4585 3097 4662 ejus
3130 4585 3237 4663 qui
3285 4602 3346 4644 se
3395 4584 3696 4661 defendit,

2138 4695 2296 4756 saepe
2326 4676 2448 4737 tale
2470 4677 2573 4755 jus
2604 4696 2730 4738 non
2767 4678 2965 4737 solum
2995 4677 3271 4736 concedit
3312 4676 3697 4753 facultatem,

2136 4768 2241 4829 sed
2269 4770 2455 4830 etiam
2484 4770 2762 4849 praecipit
2790 4787 2996 4844 usum,
3027 4769 3368 4847 praesertim
3403 4770 3698 4851 principi,

2137 4862 2244 4940 qui
2273 4867 2517 4922 tenetur
2558 4862 2884 4922 defendere
2923 4862 3389 4940 rempublicam.
3419 4863 3494 4922 Et
3530 4863 3699 4924 idem

2133 4960 2222 5014 est
2252 4955 2325 5014 de
2358 4954 2518 5029 aliis,
2548 4955 2655 5033 qui
2688 4960 2978 5014 tenentur
3016 4953 3343 5014 defendere
3370 4972 3697 5015 commune

2133 5045 2392 5122 bonum,
2430 5047 2527 5107 vel
2564 5047 2748 5107 etiam
2780 5047 3093 5107 interdum
3135 5046 3447 5125 propriam
3476 5047 3688 5107 vitam.

2131 5139 2198 5199 Si
2223 5144 2431 5199 01110111
2451 5138 2684 5199 1101111111
2705 5139 2784 5199 511
2802 5140 3252 5217 aggressivum,
3275 5156 3348 5198 eo
3372 5140 3503 5217 ipso
3527 5137 3693 5216 quod

2132 5232 2242 5291 uni
2283 5231 2428 5292 lieet
2473 5238 2686 5292 contra
2730 5231 3017 5307 alterum,
3062 5231 3205 5290 huic
3249 5236 3342 5291 est
3385 5231 3701 5310 prohibita

2133 5325 2427 5399 defensiO,
2458 5325 2603 5403 quia
2632 5330 2880 5386 tenetur
2907 5341 3144 5404 parere,
3175 5328 3237 5384 et
3259 5325 3366 5401 jus
3393 5342 3577 5384 suum
3604 5324 3703 5384 al-

2128 5418 2245 5478 teri
2270 5417 2548 5492 reddere,
2574 5416 2672 5477 vel
2696 5418 2930 5495 justam
2956 5434 3203 5496 poenam
3231 5422 3568 5495 acceptare.

2208 5511 2267 5571 6.
2315 5510 2609 5582 Quintum
2637 5515 2698 5570 et
2724 5515 2963 5571 sextum
2996 5509 3351 5588 exemplum
3382 5514 3530 5569 sunt
3555 5524 3704 5588 cap-
