3976 6219
759 385 894 436 cAP.
931 386 1037 436 XX.
1074 382 1157 434 AN
1191 381 1253 434 m
1286 384 1446 437 LEGE
1479 386 1642 437 FIERI
1673 384 1885 436 Possm·
1917 383 2211 446 MUTATIO,
2250 387 2328 436 ET
2361 386 2728 447 QUOTUPLEX
2762 387 2875 438 sl'r.

220 481 539 547 Salmeron
575 488 827 548 ibidem.
865 488 932 545 In
977 503 1112 562 cap.
1161 490 1369 544 autem
1415 488 1455 544 4
1501 485 1779 562 ejusdcm

218 576 503 654 Epistolae
523 581 713 641 verba
731 585 905 640 sunt:
927 579 1144 656 Itaque
1169 581 1402 653 fratres
1430 596 1547 638 non
1572 594 1782 639 sumus

218 670 345 747 sitii
369 676 632 750 aneilloe,
663 677 767 738 sed
788 676 1013 744 liberoe,
1046 689 1165 751 qua
1193 672 1466 734 libertate
1496 670 1780 734 Christus

220 782 327 824 nos
354 764 637 828 liberavit
656 791 683 837 ,·
707 785 847 846 quae
873 765 1063 827 verba
1088 773 1232 825 sunt
1258 763 1567 824 conclusio
1595 763 1785 823 totius

222 855 548 933 discursus,
605 859 912 938 praecipue
962 856 1042 918 ab
1090 857 1213 917 illis
1263 856 1466 917 verbis
1509 871 1526 914 :
1582 856 1787 917 Dicite

221 947 401 1022 mibi,
437 952 543 1028 qni
584 953 690 1013 sub
720 953 844 1029 leye
884 951 1068 1012 vultis
1113 967 1255 1025 esse,
1288 955 1432 1024 etc.,
1473 966 1662 1027 quam
1690 966 1787 1007 os-

223 1040 423 1100 tendit
444 1042 629 1104 fuisse
643 1043 843 1121 legem
865 1042 1200 1116 servitutis,
1222 1048 1282 1102 et
1300 1042 1440 1102 ideo
1459 1041 1782 1120 populum,

226 1133 330 1191 cui
362 1133 508 1196 data
536 1142 651 1211 est,
691 1134 1111 1214 significatum
1137 1152 1267 1195 esse
1295 1152 1405 1213 per
1448 1133 1650 1194 filium
1678 1151 1787 1193 an-

225 1222 420 1301 ci11oe3
450 1245 600 1305 ergo
625 1233 835 1307 aperte
852 1226 1128 1306 loquitur
1152 1227 1230 1288 de
1260 1226 1543 1287 libertate
1573 1225 1787 1304 populi

227 1314 582 1395 Christiani,
622 1338 810 1398 quam
855 1319 1043 1380 habet
1088 1336 1127 1379 a
1165 1320 1346 1397 jugo,
1389 1324 1450 1379 et
1497 1318 1788 1378 servitute

228 1405 397 1467 illius
437 1409 615 1488 legis.
659 1413 728 1471 In
765 1430 896 1490 cap.
924 1416 1135 1472 autem
1168 1413 1207 1472 5
1235 1411 1421 1472 verba
1446 1415 1630 1472 sunt:
1678 1409 1790 1473 Vos

232 1498 301 1559 in
328 1500 660 1565 libertatem
690 1505 881 1567 vocati
914 1505 1058 1566 estis
1088 1505 1342 1579 fratres.
1387 1504 1606 1564 Statim
1642 1519 1788 1563 vero

237 1589 508 1654 declarat
527 1597 727 1673 qualis
748 1597 826 1657 sit
845 1597 978 1657 haec
1003 1596 1255 1657 libertas
1278 1596 1601 1675 adjiciens:
1626 1595 1790 1657 Tan-

236 1688 366 1745 tum
405 1703 477 1748 ne
512 1687 843 1750 libertatem
882 1690 951 1750 in
987 1690 1342 1751 occasionem
1376 1688 1527 1751 detis
1560 1689 1786 1750 earnis.

236 1775 372 1835 Non
430 1784 520 1838 est
563 1798 710 1857 ergo
753 1781 1012 1860 profana
1052 1780 1305 1841 libertas
1333 1824 1353 1855 ,
1406 1798 1546 1860 quae
1605 1797 1790 1842 omne

229 1867 460 1946 jugum
507 1870 662 1950 legis
721 1873 982 1947 auferat,
1040 1879 1101 1933 et
1156 1872 1469 1933 licentiam
1524 1872 1795 1950 praebeat

236 1961 539 2037 quidlibet
558 1966 887 2042 operandi;
918 1966 1025 2026 sed
1051 1970 1143 2026 est
1164 1964 1415 2025 libertas
1433 1964 1793 2043 spiritualia,

235 2068 359 2129 qua
393 2051 465 2112 fit
492 2059 562 2114 ut
600 2056 835 2134 Spiritu
862 2058 1184 2131 ducamur,
1214 2062 1277 2117 et
1311 2073 1437 2115 non
1466 2057 1657 2116 simus
1685 2054 1799 2116 suh

237 2142 397 2221 lege,
424 2149 494 2204 ut
513 2148 720 2206 statim
745 2149 994 2222 dicitur,
1022 2154 1084 2208 et
1099 2151 1235 2226 jam
1261 2146 1692 2225 explicuimus

320 2238 422 2296 25.
465 2238 841 2316 Emplicatar
862 2241 1026 2302 locus
1045 2241 1238 2303 Pauli
1268 2241 1308 2299 2
1341 2238 1614 2301 Corinth..
1650 2241 1710 2313 3,
1734 2240 1803 2301 de

241 2328 514 2392 libertate
531 2348 570 2392 a
595 2332 884 2393 velamine
902 2333 1330 2406 obooeeationis,
1344 2332 1437 2393 vel
1456 2349 1497 2393 a
1516 2331 1803 2392 servitute

244 2421 417 2501 leyis.
442 2455 524 2468 -
544 2424 623 2484 At
650 2441 798 2485 vero
825 2426 865 2485 2
891 2425 1168 2506 Corinth.
1196 2425 1234 2485 3
1253 2423 1442 2485 verba
1468 2428 1638 2484 sunt:
1683 2422 1800 2484 Ubi

225 2512 535 2592 ,Spiritus
564 2516 835 2591 Domini,
871 2517 957 2578 ibi
990 2517 1277 2587 libertas‚·
1297 2535 1434 2596 quae
1459 2515 1802 2577 secundum

245 2624 311 2667 se
343 2614 587 2687 sumpta
623 2614 878 2688 possunt
901 2609 1130 2688 optime
1156 2611 1382 2688 exponi
1410 2609 1489 2670 de
1517 2607 1802 2669 libertate

245 2718 286 2760 a
328 2702 619 2761 servitute
659 2703 915 2780 peccati,
951 2708 1012 2761 et
1041 2702 1118 2762 de
1155 2701 1438 2763 libertate
1467 2702 1546 2762 ab
1582 2701 1803 2779 spiritu

246 2793 488 2855 timoris
514 2794 769 2869 servilis,
801 2803 863 2854 et
899 2796 974 2855 de
1017 2794 1301 2856 libertate
1327 2813 1366 2854 a
1406 2794 1544 2873 lege
1570 2793 1797 2855 veteri:

247 2903 398 2946 nam
422 2887 680 2965 Spiritus
719 2887 918 2948 sancti
946 2889 1146 2966 gratia
1187 2894 1249 2948 et
1287 2888 1480 2947 motio
1501 2887 1580 2947 ab
1607 2885 1808 2946 omni-

245 2977 367 3039 hus
405 2979 502 3038 his
551 2979 863 3054 oneribus,
911 2997 1019 3040 5611
1064 2979 1354 3040 dominiis
1396 2997 1511 3040 nos
1559 2978 1802 3039 liberat.

248 3073 442 3133 Prout
468 3090 609 3133 vero
643 3073 711 3132 in
748 3072 855 3134 illo
882 3071 1018 3135 loco
1055 3071 1218 3133 dicta
1239 3077 1385 3133 sunt
1407 3089 1446 3132 a
1476 3071 1690 3147 Paule,
1713 3071 1809 3131 in·

246 3164 588 3243 telligenda
633 3166 924 3226 videntur
974 3165 1050 3226 de
1102 3165 1384 3226 libertate
1425 3183 1464 3225 a
1503 3163 1812 3226 velamine

246 3255 701 3332 obcaecationis,
736 3266 798 3317 et
827 3256 1052 3318 duritie
1080 3257 1302 3330 cordis,
1333 3263 1394 3317 et
1425 3262 1678 3335 possunt
1710 3274 1813 3317 ex·

244 3348 452 3426 tendi,
492 3351 796 3430 simulque
822 3350 1088 3428 intelligi
1116 3351 1193 3411 de
1236 3348 1518 3410 libertate
1550 3367 1590 3409 a
1624 3350 1814 3410 servi-

245 3448 388 3504 tute
410 3443 564 3522 legis
585 3446 830 3504 veteriS.
862 3444 1108 3503 Dixerat
1136 3443 1344 3504 enim:
1387 3443 1583 3521 Usque
1610 3444 1676 3503 in
1714 3442 1814 3503 Iao-

245 3537 531 3598 diernum
578 3539 733 3599 diem
787 3555 916 3600 cnm
972 3536 1197 3615 leyitur
1245 3537 1507 3613 Moyses,
1555 3536 1816 3598 velamen

237 3631 520 3706 positum
550 3648 670 3692 esse
709 3648 887 3708 snper
915 3648 1014 3692 cor
1037 3631 1089 3691 J
1091 3631 1392 3692 ndoeornm
1397 3673 1418 3704 ,
1462 3634 1536 3688 ut
1560 3627 1812 3703 scilicet,

241 3739 380 3781 non
413 3721 664 3782 videant
701 3727 1137 3783 testamentum
1173 3721 1325 3782 illud
1351 3721 1480 3800 jam
1518 3738 1647 3781 csse
1676 3738 1818 3782 eva-

242 3819 514 3874 cuatum
528 3829 551 3889 3
582 3818 644 3873 et
681 3813 853 3875 addit
878 3813 1161 3874 velamen
1187 3813 1343 3873 illud
1377 3829 1507 3873 esse
1534 3812 1816 3875 auferen-

241 3905 407 3965 dum
435 3903 519 3964 61)
546 3904 657 3965 1110
683 3905 948 3984 populo:
988 3903 1141 3968 Cam
1167 3923 1476 3968 conversus
1500 3906 1697 3982 fuerit
1741 3907 1822 3966 ad

242 3998 610 4071 Dominum,
636 4004 698 4058 et
719 3998 927 4059 subdit
949 4020 964 4058 ε
990 3999 1285 4061 Dominus
1311 4004 1508 4060 antem
1534 3997 1655 4077 Sp·
1704 4000 1716 4012 “
1745 4015 1819 4060 ns

243 4098 360 4158 est.
389 4097 450 4153 et
473 4091 580 4152 ubi
602 4090 886 4169 Spiritus
904 4091 1178 4165 Domini,
1198 4092 1287 4152 ibi
1317 4091 1586 4165 libertas,
1699 4107 1821 4168 que

244 4183 472 4246 abillo
503 4182 837 4243 velamine:
864 4201 1012 4243 nam
1039 4183 1302 4261 Spiritus
1330 4182 1574 4243 Domini
1598 4187 1691 4243 651
1716 4183 1824 4260 qui

241 4279 536 4340 liberata
561 4276 710 4354 jugo
727 4276 905 4355 16315,
922 4277 1082 4337 516111
1102 4276 1251 4336 611111
1264 4276 1440 4336 dixit:
1458 4276 1541 4339 Si
1566 4276 1821 4353 Spiritu

248 4369 585 4441 ducimini,
610 4386 728 4430 non
756 4370 901 4431 estis
922 4370 1029 4431 snb
1057 4369 1215 4448 leffe:
1245 4374 1309 4429 et
1330 4369 1469 4430 ideo
1496 4368 1663 4429 idem
1690 4367 1825 4447 Spi-

245 4464 419 4524 ritus
449 4459 727 4535 Domini,
770 4460 881 4539 qui
923 4459 1114 4521 talem
1150 4460 1258 4521 dat
1301 4460 1675 4535 libertatem,
1719 4460 1828 4521 dat

247 4557 450 4619 etiam
479 4554 699 4613 lumen
721 4553 802 4614 ad
840 4553 1326 4631 cognoscendam
1363 4554 1558 4630 illam,
1608 4572 1680 4614 66
1728 4571 1829 4612 511-

248 4648 449 4709 binde
479 4644 687 4707 aufert
706 4644 991 4706 velamen
1010 4644 1176 4722 quod
1195 4645 1516 4707 veritatem
1535 4645 1709 4705 illam
1725 4661 1827 4705 oc-

248 4740 568 4814 cultabat,
598 4742 663 4799 61
691 4736 831 4797 ideo
859 4735 1171 4798 concludit
1207 4758 1222 4796 :
1268 4739 1404 4803 Nos
1446 4743 1642 4799 antem
1668 4754 1830 4799 reve-

250 4836 390 4897 lata
416 4831 595 4912 faeie
637 4831 900 4909 otoo-iam
939 4831 1058 4894 Dei
1091 4831 1477 4909 speculantes,
1510 4836 1624 4892 etc.
1657 4829 1832 4903 Quod

250 4933 467 4989 totum
514 4924 705 4984 unico
753 4922 942 4984 verbo
990 4922 1304 5001 eleganter
1346 4923 1702 5001 complexus
1740 4926 1833 4983 est

251 5020 769 5099 chrysostomus,
807 5014 1024 5076 homil.
1074 5017 1135 5091 7,
1180 5016 1424 5075 dicens:
1472 5015 1835 5078 Libertatem

254 5120 466 5177 antem
487 5111 680 5184 dixit,
701 5110 910 5172 habita
933 5110 1170 5172 ratione
1185 5110 1470 5188 pristinoe
1489 5109 1838 5178 servitutis,-

256 5213 321 5267 et
361 5207 458 5267 ita
499 5202 868 5280 intelligunt
910 5219 1126 5262 omnes
1159 5202 1445 5262 catholici
1472 5202 1834 5280 scriptores:

255 5316 470 5379 neque
500 5300 601 5357 est
620 5313 731 5355 cur
756 5293 1006 5354 libertas
1028 5293 1276 5373 spiritus
1303 5285 1685 5372 intelligatur
1710 5311 1839 5354 esse

259 5392 341 5452 ab
370 5388 590 5451 omnis
629 5386 782 5465 legis
809 5385 1224 5463 obligatione:
1270 5386 1418 5463 quia
1461 5403 1576 5445 1166
1620 5384 1843 5445 Paulus

3339 382 3416 442 79

1858 484 2247 545 dominatum
2273 485 2570 564 Spiritus:
2597 504 2744 546 nam
2774 487 2839 545 in
2866 484 3141 563 Angelis,
3167 492 3229 547 et
3257 486 3418 548 Ada-

1860 592 1986 649 m0,
2028 582 2089 635 et
2116 576 2185 635 111
2220 577 2510 637 omnibus
2552 579 2735 655 justis
2772 577 2891 637 11111
2919 579 3203 656 Spu-itm,
3253 584 3315 638 et
3348 580 3415 640 in

1861 666 1984 726 illis
2011 684 2140 727 non
2162 668 2281 728 fuit
2301 669 2440 729 talis
2471 669 2744 744 libertaS,
2785 669 2950 729 unde
2986 670 3188 748 potius
3227 689 3418 748 repu-

1862 764 2016 836 gnat
2054 759 2415 837 perfectioni
2455 767 2516 821 et
2543 762 2873 836 sanctitati,
2909 779 2980 821 ac
3009 761 3418 823 dominationi

1864 851 2063 911 divini
2091 852 2374 930 Spiritus.

1945 945 2046 1005 26.
2086 946 2475 1024 Expenditur
2495 946 2657 1010 loeus
2682 939 2947 1025 epistoloe
2971 949 3023 1009 J
3026 948 3188 1009 aeobi
3211 948 3277 1009 de
3300 947 3422 1025 2696

1864 1037 2204 1115 libertatis,
2257 1041 2326 1101 id
2363 1046 2472 1114 est,
2530 1041 2872 1102 eharitatis.
2905 1074 2986 1087 -
3008 1043 3166 1101 Loca
3214 1046 3421 1101 autem

1861 1131 2073 1190 Jacobi
2120 1134 2150 1191 1
2184 1137 2247 1192 et
2271 1134 2332 1209 2,
2363 1139 2577 1193 contra
2607 1133 2768 1211 ipsos
2809 1132 3128 1193 hoereticos
3170 1132 3424 1192 convin-

1865 1230 2059 1285 cunt:
2111 1242 2257 1287 nam
2303 1226 2380 1300 in,
2405 1245 2541 1305 cap.
2591 1228 2651 1300 1,
2698 1225 2871 1286 illam
2906 1243 3094 1305 quam
3132 1231 3310 1285 vocat
3337 1224 3424 1285 le-

1867 1334 2009 1394 gem
2042 1317 2324 1396 perfectae
2353 1318 2676 1393 libertatis,
2711 1319 3001 1397 supponit
3042 1336 3173 1380 esse
3213 1337 3425 1380 veram

1867 1406 2071 1487 163616
2110 1408 2488 1486 ohligantem
2516 1411 2594 1472 ad
2626 1427 2803 1489 opus,
2838 1415 2902 1470 et
2933 1410 3069 1471 ideo
3113 1410 3428 1472 concludit

1867 1501 2045 1561 illum
2072 1502 2205 1563 fore
2231 1502 2505 1578 beatum,
2553 1504 2662 1582 qui
2702 1505 2769 1564 in
2801 1522 2875 1564 ea
2906 1505 3330 1582 permanserit,
3364 1514 3426 1564 et

1865 1592 2054 1654 1116111
2086 1598 2287 1671 factor
2307 1597 2527 1673 operis,
2554 1596 2620 1656 id
2645 1601 2736 1657 est
2754 1641 2775 1670 ‚
2811 1597 2921 1675 qui
2951 1596 3123 1656 illam
3150 1614 3428 1657 servave-

1866 1684 1970 1745 rit.
1995 1687 2064 1745 In
2086 1705 2221 1766 cap.
2252 1693 2460 1748 autem
2480 1690 2519 1748 2
2547 1688 2878 1766 significat,
2904 1707 3016 1768 per
3031 1689 3234 1766 legem
3256 1688 3427 1749 illam

1867 1779 2168 1841 libertatis
2191 1799 2320 1842 esse
2346 1782 2629 1844 homines
2657 1784 3057 1861 judicandos:
3090 1782 3205 1845 Sic
3229 1783 3428 1861 loqui-

1871 1873 2049 1945 mini,
2074 1872 2307 1949 dicenS,
2334 1877 2495 1936 etsie
2512 1876 2721 1953 facite,
2752 1877 2910 1938 sicut
2922 1893 3033 1954 per
3050 1875 3233 1954 leyem
3255 1876 3432 1937 liber·
3548 1882 3554 1887 '

1875 1965 2027 2026 tatis
2047 1965 2395 2044 incipientes
2407 1968 2723 2045 jndieari:
2751 1968 2994 2030 videtur
3023 1973 3233 2028 autem
3260 1967 3431 2045 loqui

1877 2054 1955 2115 de
1994 2055 2131 2133 1636
2171 2057 2484 2119 61161116115
2526 2078 2712 2138 quam
2752 2060 2938 2139 paulo
2964 2065 3149 2120 antea
3173 2061 3433 2137 reyalem

1878 2155 2245 2210 vocaverat:
2295 2153 2585 2229 supponit
2629 2170 2778 2229 ergo
2813 2158 3022 2231 aperte
3066 2152 3437 2212 Christianos

1879 2257 2008 2301 esse
2033 2241 2339 2319 subjectos
2366 2243 2513 2320 legi.
2537 2245 2657 2305 Cur
2679 2250 2891 2304 autem
2907 2243 3015 2304 illa
3037 2251 3215 2304 vocet
3236 2243 3438 2320 legem

1870 2336 2229 2409 perfectam,
2262 2337 2546 2413 reqalem,
2571 2343 2623 2397 et
2648 2337 2971 2410 libertatis,
3015 2337 3083 2396 in
3110 2334 3269 2394 libro
3297 2334 3441 2393 ulti-

1880 2441 2008 2500 mo,
2039 2425 2116 2486 de
2140 2426 2275 2506 lege
2298 2429 2512 2505 3161166
2539 2428 2932 2507 disputando,
2958 2427 3215 2488 dicetur.

2446 2613 2695 2675 CAPUT
2743 2616 2871 2675 XX.

1884 2809 1967 2856 AN
2008 2811 2066 2857 IN
2093 2811 2244 2857 LEGE
2274 2811 2435 2857 mm
2463 2810 2651 2858 Possm·
2682 2814 2961 2874 mulo,
2994 2814 3073 2860 ΕΤ
3109 2814 3442 2867 QnowPLEx

2523 2908 2654 2953 ΜΔ
2689 2909 2797 2954 SIT.

1972 3077 2000 3135 1
2014 3122 2029 3136 .
2064 3075 2283 3138 Prima
2306 3074 2667 3138 66161ιί6.-
2692 3074 2815 3137 Lea
2848 3074 3157 3152 indefinite
3178 3074 3309 3137 lata
3331 3091 3448 3137 non

1888 3175 2164 3233 mutatur
2200 3169 2265 3230 ob
2289 3168 2480 3231 solam
2502 3169 2784 3246 temporis
2806 3169 3198 3229 durationem.
3224 3200 3306 3213 -
3331 3169 3449 3227 Ex-

1890 3263 2117 3343 plicata
2163 3268 2389 3322 natura
2439 3260 2616 3338 legis,
2669 3265 2731 3320 et
2786 3258 3074 3320 omnibus
3127 3260 3346 3328 causis.
3387 3265 3451 3320 et

1891 3355 2206 3417 effectibus
2252 3354 2307 3431 ej
2314 3372 2410 3429 us,
2457 3353 2657 3413 solum
2689 3357 2968 3431 superest
3014 3351 3343 3413 dicendum
3374 3351 3451 3413 de

1892 3448 2232 3509 mutatione
2257 3447 2430 3524 16315.
2461 3447 2927 3520 Verumtamen,
2959 3445 3108 3523 quia
3133 3445 3264 3506 haec
3305 3464 3451 3524 pro-

1891 3542 2122 3621 prietas
2143 3557 2270 3600 non
2302 3545 2393 3600 est
2415 3538 2761 3599 communis
2790 3538 2964 3598 omni
2988 3538 3133 3616 legi,
3164 3538 3304 3599 ideo
3324 3556 3454 3598 me-

1893 3634 2015 3695 lius
2038 3632 2402 3693 tractabitur
2442 3631 2517 3692 de
2558 3630 2818 3708 singulis
2856 3631 2924 3690 in
2954 3630 3332 3709 particulari,
3385 3632 3453 3691 in

1895 3726 1985 3789 eis
2012 3725 2401 3800 declarando,
2448 3743 2529 3784 an
2573 3724 2830 3784 modum
2866 3722 3132 3802 aliquem
3163 3723 3453 3783 mutatio-

1895 3820 1994 3881 nis
2040 3819 2392 3882 admittant.
2451 3818 2561 3878 Hic
2605 3835 2753 3896 ergo
2781 3816 2980 3877 solum
3006 3817 3454 3894 praemittemus

1897 3912 2195 3993 quasdam
2238 3910 2556 3989 generales
2591 3909 2836 3987 regulas
2855 3953 2875 3983 ,
2918 3913 2980 3968 et
3023 3908 3457 3986 explicationes

1897 4005 2329 4079 terminorum,
2370 4009 2442 4063 111
2467 4002 2715 4077 facilior,
2727 4001 2807 4061 sit
2831 4006 3042 4079 postea
3081 3999 3361 4060 doctrina
3391 4001 3459 4060 in

1899 4098 2158 4174 singulis
2179 4094 2441 4174 legibus.
2482 4094 2689 4154 Primo
2715 4092 2909 4169 igitur
2940 4092 3347 4170 supponimus
3383 4109 3462 4151 ex

1903 4187 2099 4261 dictis,
2128 4187 2331 4263 legem
2350 4182 2672 4246 indefinite
2692 4184 2882 4242 latam
2911 4182 2989 4243 de
3022 4199 3086 4242 56
3112 4200 3239 4242 11011
3262 4187 3462 4243 muta·

1902 4281 1983 4357 ri,
2034 4296 2236 4358 neque
2285 4278 2420 4356 ejus
2450 4275 2894 4353 obligationem
2938 4291 3172 4336 cessare
3214 4280 3465 4355 propter

1904 4372 2100 4434 solam
2135 4369 2430 4449 temporis
2480 4367 2977 4442 diuturnitatem,
3030 4366 3084 4426 si
3125 4366 3248 4426 alia
3280 4382 3467 4426 causa

1905 4462 2266 4525 mutationis
2312 4478 2438 4522 non
2471 4458 2863 4521 interveniat.
2917 4458 3220 4520 Probatur
3242 4502 3264 4533 ,
3320 4457 3467 4535 quia

1906 4557 2009 4618 lex
2058 4556 2133 4616 de
2185 4573 2248 4616 se
2291 4557 2584 4632 perpetua
2615 4555 2741 4613 est:
2791 4568 2938 4629 6130
2977 4555 3226 4630 propter
3272 4549 3468 4610 solam

1907 4647 2205 4726 temporis
2256 4645 2645 4705 durationem
2704 4661 2832 4704 non
2895 4642 3239 4703 mutabitur
3266 4686 3286 4717 ,
3347 4640 3472 4701 nisi

1908 4739 2160 4802 aliunde
2191 4736 2466 4797 tollatur.
2499 4736 2710 4796 Dices:
2761 4733 3091 4813 aliquando
3123 4733 3224 4793 lex
3272 4729 3471 4792 invol-

1910 4831 2026 4906 vit,
2056 4848 2165 4892 seu
2189 4827 2528 4908 praescrihit
2545 4832 2786 4888 certum
2811 4826 3148 4886 terminum
3167 4842 3293 4884 suae
3320 4822 3474 4883 obli·

1914 4922 2204 5003 gationis.
2239 4919 2662 4999 Respondetur
2686 4918 2909 4998 prim0‚
2940 4917 3079 4978 ideo
3101 4916 3334 4977 locutos
3361 4933 3474 4977 nos

1911 5016 2101 5077 fuisse
2133 5015 2201 5075 in
2224 5012 2555 5074 assertione
2580 5010 2656 5071 de
2684 5009 2821 5087 lege
2848 5008 3168 5069 indefinite
3189 5008 3336 5068 lata.
3368 5010 3475 5070 Se-

1916 5108 2121 5169 cundo
2153 5106 2459 5177 addimus,
2494 5102 2650 5162 illud
2690 5102 2889 5161 solum
2916 5100 3146 5161 habere
3172 5100 3379 5162 locum
3406 5101 3475 5161 in

1916 5190 2286 5278 6110661636
2315 5196 2599 5275 positiva,
2648 5200 2709 5254 et
2755 5211 2968 5254 rarum
3011 5211 3165 5268 esse,
3211 5200 3273 5253 et
3299 5194 3476 5271 quasi

1917 5297 2141 5371 praeter
2168 5294 2459 5349 naturam
2502 5286 2784 5365 perfectae
2829 5286 3004 5364 legis,
3033 5291 3105 5345 ut
3140 5304 3325 5364 supra
3354 5286 3479 5343 dic·

1917 5390 2054 5443 tum
2101 5387 2215 5451 est,
2265 5390 2327 5441 et
2364 5379 2504 5439 ideo
2554 5377 2915 5456 simpliciter
2955 5379 3251 5438 affirmari
3278 5394 3473 5453 posse,

259 5483 384 5546 hoc
424 5480 613 5557 dicit,
653 5496 769 5539 nec
807 5478 1077 5558 pertinet
1117 5477 1198 5539 ad
1239 5477 1700 5557 perfectionem,
1743 5476 1843 5537 vel
1920 5474 2238 5537 moraliter
2282 5469 2615 5553 loquendo,
2649 5487 2795 5535 ‚non
2821 5488 3055 5535 cessare
3092 5473 3339 5549 propter
3384 5484 3480 5526 so-
