3976 6219
995 714 1496 859 INDEX
1593 711 2270 859 CAPITUM
2361 712 2777 860 LIBRI
2876 715 3316 865 PRIMI

714 1091 820 1169 DE
869 1092 1192 1171 NATURA
1237 1093 1463 1172 LEGIS
1506 1092 1590 1171 IN
1631 1091 2019 1180 COMMUNI,
2065 1090 2172 1169 DE
2218 1090 2563 1175 EJUSQUE
2612 1092 2891 1171 CAUSIS
2934 1093 3038 1172 ET
3081 1095 3590 1182 EFFEGTIBUS.

549 1897 713 1975 CAP.
790 1897 848 1974 1.
935 1898 1121 1990 Quid
1184 1898 1465 1977 nomine
1532 1900 1702 2000 legis
1761 1899 2114 2000 siqnifice-
2197 1898 2360 1993 Cu).
2406 1899 2531 1973 XI.
2591 1897 2762 1989 Quoe
2792 1914 2863 1975 et
2894 1901 3123 2000 qualis
3168 1906 3636 2004 promulqatio
3662 1908 3754 1984 sit

649 2037 785 2098 tur.
2293 2020 2381 2093 de
2417 2019 2693 2094 ratione
2733 2020 2926 2118 leqis.

551 2146 715 2221 CAP.
758 2149 848 2221 ΙΙ.
910 2147 1096 2237 Quid
1114 2148 1239 2245 jus
1268 2147 1639 2246 siqnificet,
1676 2160 1745 2221 et
1766 2147 2110 2245 quomodo
2190 2141 2356 2215 CAP-
2429 2142 2587 2214 XII.
2675 2140 3123 2238 Eoependitur
3191 2146 3362 2245 leqis
3436 2150 3745 2248 definitio

647 2272 742 2344 ad
781 2270 1000 2370 leyem
1024 2287 1488 2370 comparetur.
2279 2261 2495 2357 juxta
2521 2261 2788 2357 positas
2819 2264 3272 2341 conditiones.

547 2394 710 2469 Cn».
755 2395 879 2468 111.
940 2393 1046 2470 De
1079 2394 1485 2470 necessitate
1523 2406 1591 2467 et
1624 2391 1961 2467 varietate
2002 2389 2107 2464 le-
2190 2381 2354 2458 Cn).
2398 2382 2591 2455 XIII.
2648 2383 2768 2456 An
2808 2385 3095 2483 effectus
3148 2413 3194 2462 a
3251 2391 3397 2489 leqe
3450 2393 3752 2470 intentus

644 2542 833 2614 qum,
2285 2505 2381 2577 sit
2410 2505 2648 2601 facere
2676 2506 2988 2583 subditos
3016 2512 3253 2587 bonos.

548 2640 712 2715 eff.
759 2640 872 2714 IV.
934 2639 1072 2728 Qui
1105 2653 1301 2715 actus
1331 2639 1474 2715 sint
1507 2635 1997 2712 necessariiad
2017 2635 2108 2709 le-
2184 2628 2350 2704 Gn».
2392 2629 2573 2703 XIV.
2638 2628 2886 2704 Utrum
2909 2633 3317 2732 adoequatus
3346 2638 3633 2738 effectus
3657 2641 3750 2716 le-

641 2791 797 2865 yem
833 2766 1226 2863 ferendam.
2283 2751 2390 2849 qis
2424 2751 2517 2825 sit
2553 2752 2868 2852 obliqare
2898 2757 3231 2833 subditos.

543 2888 705 2964 Gn.
751 2891 833 2965 V.
889 2889 982 2964 In
1017 2914 1150 2988 quo
1185 2902 1347 2964 actu
1379 2888 1492 2963 lex
1520 2884 1916 2985 formaliter
1939 2906 2102 2958 con-
2186 2875 2352 2948 CAP-
2393 2876 2540 2949 XV·
2599 2882 2720 2951 An
2758 2878 2931 2977 ἱερεῖς
2955 2880 3241 2979 effectus
3265 2898 3451 2960 recte
3475 2885 3550 2961 in
3576 2912 3747 2985 qua-

636 3012 861 3087 sistat,
2287 3014 2446 3073 tuor
2479 3000 2910 3078 dividantur.

538 3137 700 3211 Gn.
747 3138 863 3212 VI.
929 3135 1174 3211 Utrum
1211 3136 1299 3209 de
1345 3133 1618 3209 ratione
1661 3131 1832 3232 leqis
1874 3131 1969 3206 sit
2027 3144 2105 3204 ut
2182 3124 2346 3198 CAP.
2388 3126 2571 3199 XVI.
2613 3126 2734 3200 An
2789 3131 3015 3206 omnis
3052 3134 3165 3209 lex
3218 3136 3590 3232 proedictos
3629 3139 3745 3235 ef-

637 3281 766 3353 pro
800 3257 1295 3331 communitate
1330 3257 1630 3353 feratur.
2279 3247 2506 3342 fectus
2541 3248 2833 3344 efficiat,
2869 3265 3001 3326 etc.

537 3378 700 3452 Gn).
746 3379 896 3453 VII.
960 3377 1207 3453 Utrum
1242 3377 1335 3451 sit
1368 3378 1455 3451 de
1488 3376 1760 3450 ratione
1798 3372 1965 3472 leqis
2014 3373 2098 3447 ob
2179 3371 2342 3445 CAP.
2383 3373 2599 3447 XVII.
2664 3374 2908 3449 Utrum
2946 3378 3087 3452 sint
3107 3380 3235 3454 alii
3260 3381 3546 3481 effectus
3572 3385 3738 3484 [ερὲς

637 3527 1000 3577 commune
1033 3503 1289 3577 bonum
1324 3502 1527 3599 ferri.
2277 3511 2535 3594 praeter
2572 3515 2998 3577 numeratos.
3135 3503 3144 3510 ’

540 3626 701 3702 ΟΑΡ.
744 3627 929 3701 VIII.
992 3625 1240 3700 Utrum
1273 3626 1360 3698 de
1396 3623 1668 3697 ratione
1709 3621 1878 3720 leqis
1906 3620 2003 3694 sit
2023 3633 2101 3694 ut
2177 3618 2341 3694 Cu».
2389 3621 2633 3695 XVIII.
2671 3622 2778 3695 De
2809 3624 2918 3697 his
2953 3626 3076 3722 qui
3109 3626 3244 3726 leqi
3274 3628 3740 3726 subjiciuntur

637 3752 921 3851 publica
956 3763 1293 3851 potestate
1323 3752 1622 3847 seratur.
2277 3766 2360 3817 ac
2395 3744 2815 3842 obliqantur.

537 3871 699 3950 Cn.
743 3875 865 3948 IX.
923 3874 1030 3949 De
1058 3874 1223 3948 aliis
1257 3869 1771 3949 conditionibus
1805 3866 1976 3968 le9is
2014 3892 2102 3944 ex
2180 3864 3325 3970 emxlxAExpenduntw-atiqua
3346 3871 3744 3951 testimonia

637 3998 730 4071 D.
770 3997 1075 4074 Isidoro.
2280 3991 2664 4091 Scripturoe
2704 3995 2955 4092 quibus
2988 3997 3372 4072 abutuntur
3399 4001 3735 4075 haeretici.

538 4120 701 4196 Cn».
747 4122 838 4194 X.
903 4116 1703 4218 Utrumperpetuitassit
1719 4116 1806 4193 de
1825 4117 2100 4192 ratione
2179 4118 2344 4193 CAP.
2386 4117 2545 4190 XX.
2601 4117 2722 4190 An
2757 4118 2832 4191 in
2870 4117 3016 4216 [eye
3051 4120 3211 4217 fieri
3246 4122 3467 4219 possit
3501 4137 3744 4198 muta-

636 4247 830 4345 teqis.
2282 4241 2408 4338 tic,
2447 4253 2518 4317 et
2550 4242 2928 4340 quotuplex
2957 4241 3075 4318 sit.

1950 4758 2937 4854 &ow
