3976 6219
800 399 935 451 CAP.
971 397 1032 451 11.
1067 396 1151 450 DE
1179 394 1343 450 LEGE
1373 392 1597 449 omma
1627 394 1710 449 m·
1734 390 2109 451 FAvoRABm
2140 398 2479 461 mmmm:
2510 398 2885 452 vAmETATE.

247 498 326 561 ad
351 496 674 561 formalem
703 500 1008 562 rationem
1035 497 1191 577 legis
1229 514 1420 577 quam
1459 516 1576 559 nos
1605 497 1806 559 consi-

248 592 561 669 deramus3
597 598 661 654 et
688 592 848 669 ideo,
896 591 1044 653 licet
1068 592 1137 651 in
1165 590 1383 652 ordine
1409 591 1488 651 ad
1516 608 1700 652 usum
1742 594 1806 652 et

248 684 323 745 ad
349 685 678 764 practicam
707 685 994 747 notitiam
1030 684 1242 762 legum
1271 684 1686 745 necessarium
1725 684 1804 745 sit

249 777 402 838 scire
426 777 578 857 quid
603 798 714 859 per
733 795 1236 857 unamquamque
1254 776 1456 855 legem
1483 775 1804 857 praecipia-

248 876 371 946 tur,
397 870 578 933 nobis
597 878 808 934 tamen
835 872 914 933 ad
941 871 1296 950 generalem
1323 870 1670 931 doctrinam
1696 888 1806 931 ne-

249 964 584 1025 cessarium
595 982 722 1026 11011
741 970 856 1025 est.
878 966 954 1025 Et
975 964 1116 1026 ideo
1131 963 1208 1025 de
1229 964 1328 1024 his
1353 962 1642 1024 omnibus
1663 980 1805 1044 par·

248 1056 571 1117 titionibus
603 1075 714 1117 000
747 1056 1356 1119 denominationibus
1393 1057 1608 1135 legum
1643 1054 1806 1116 nihil

248 1147 514 1228 amplius
566 1148 769 1211 dicere
814 1149 1144 1229 oportebit.
1199 1149 1410 1211 Solum
1455 1149 1626 1210 enim
1673 1148 1808 1209 illas

248 1243 702 1322 proposuimus,
761 1245 835 1303 ut
873 1242 1123 1303 illarum
1168 1258 1393 1303 vocum
1433 1240 1810 1320 significatio

247 1352 374 1396 non
401 1334 759 1413 ignoretur3
778 1334 845 1395 id
869 1336 1042 1397 enim
1069 1334 1150 1396 ad
1175 1342 1458 1397 nostrum
1486 1352 1668 1394 usum
1700 1352 1810 1395 ne-

250 1428 583 1489 cessarium
629 1432 783 1503 erat,
832 1428 914 1489 ad
960 1427 1252 1490 eiundem
1301 1444 1454 1490 vero
1495 1427 1811 1489 sufficiunt

247 1538 387 1601 quae
415 1520 580 1582 dieta
606 1526 771 1583 sunt.

842 1708 1091 1771 CAPUT
1133 1709 1210 1770 ΙΙ.

327 1910 406 1956 DE
447 1910 598 1957 molt
638 1912 846 1961 OmosA
884 1914 962 1960 m·
1001 1912 1378 1976 ravoanm,
1409 1914 1730 1969 nnuman

853 2005 1222 2053 vamum.

328 2174 387 2231 1.
433 2170 850 2233 Divisionibus
895 2172 1057 2253 legis
1114 2174 1356 2236 traditis
1393 2174 1462 2235 in
1506 2173 1810 2254 superiori

247 2264 450 2344 capite
482 2264 708 2326 addere
732 2284 1054 2345 possumus
1083 2267 1368 2347 quintam
1394 2286 1470 2329 ex
1494 2266 1810 2329 effectibus

246 2362 582 2437 sumptam,
615 2376 754 2437 quae
800 2358 1088 2421 instituto
1133 2365 1348 2421 nostro
1387 2360 1656 2421 maxime
1703 2361 1810 2423 de·-

248 2451 494 2513 serviet.
527 2452 756 2525 Quinto
811 2469 964 2531 ergo
1001 2452 1104 2513 lex
1136 2452 1415 2515 humana
1463 2453 1810 2533 generatim

247 2550 496 2624 sumpta
529 2543 828 2605 dividitur
869 2544 939 2605 in
993 2545 1293 2621 odiosam,
1325 2563 1435 2607 seu
1459 2564 1806 2622 onerosam,

247 2642 308 2697 et
334 2635 759 2711 favorabilem,
788 2654 898 2697 seu
943 2636 1315 2698 beneficium
1361 2637 1807 2714 conferentem,

247 2746 386 2807 qnae
413 2728 634 2791 divisio
669 2748 748 2791 ex
774 2731 984 2791 multis
1008 2730 1248 2810 juribus
1289 2730 1618 2809 colligitur.
1650 2732 1808 2793 Nam

247 2822 565 2883 interdum
593 2822 809 2884 dicunt
831 2824 999 2903 jura,
1025 2823 1166 2883 odia
1197 2840 1330 2884 esse
1355 2824 1803 2903 restringenda,

247 2920 309 2976 et
354 2914 598 2978 favores
657 2916 1065 2996 ampliando&
1122 2932 1258 2995 cap.
1317 2916 1496 2991 Odia,
1531 2918 1609 2977 de
1652 2919 1805 2996 Reg.

235 3007 262 3085 j
269 3026 397 3083 111·.,
429 3010 497 3069 in
529 3011 590 3084 6,
640 3026 785 3069 cum
836 3007 1200 3087 vulgaribus
1248 3007 1805 3088 concordantibus3

246 3119 386 3180 quoe
409 3100 626 3180 regula
645 3102 986 3182 proesertim
1005 3100 1376 3181 intelligitur
1397 3102 1474 3164 de
1498 3100 1812 3164 favoribus

242 3193 346 3252 vel
371 3193 535 3254 odiis
560 3195 627 3255 in
646 3195 786 3273 jure
812 3195 1138 3270 contentis,
1173 3213 1248 3256 ac
1273 3194 1536 3256 subinde
1561 3194 1814 3274 (101031-

241 3285 366 3345 bus
383 3285 829 3348 favorabilibus
847 3293 912 3349 et
941 3287 1190 3348 odiosis.
1216 3289 1294 3348 Et
1331 3288 1418 3348 ita
1446 3287 1814 3351 divisionem

242 3377 407 3439 hanc
432 3377 645 3458 legum
673 3381 1088 3441 communiter
1113 3379 1389 3442 doctores
1427 3386 1810 3461 supponunt,

245 3477 317 3532 ut
341 3472 649 3533 constabit
671 3491 750 3534 cx
783 3472 884 3534 his
898 3489 1056 3552 quos
1081 3473 1150 3534 in
1171 3472 1454 3534 discursu
1474 3473 1688 3553 capitis
1713 3490 1813 3534 re-

244 3564 540 3626 feremus.
593 3565 740 3627 Tria
781 3583 936 3626 vero
975 3565 1055 3626 ad
1106 3564 1578 3644 intelligendam
1622 3563 1812 3644 hujus

245 3657 598 3735 partitionis
649 3658 934 3737 regulam
979 3657 1312 3720 desiderari
1351 3662 1631 3738 possunt.
1679 3658 1814 3718 Pri·

247 3767 424 3811 mum
450 3757 569 3826 est,
611 3752 777 3813 unde
820 3751 902 3813 sit
936 3752 1238 3812 sumenda
1279 3750 1598 3813 distinctio
1647 3749 1811 3810 inter

244 3844 353 3904 illa
379 3844 689 3908 membra.
735 3845 1087 3907 Secundum
1115 3851 1228 3922 est,
1271 3863 1355 3907 an
1395 3845 1476 3906 sit
1505 3843 1811 3906 sufficiens

242 3936 329 4004 ita
358 3943 432 3999 ut
456 3938 576 4000 illa
601 3938 726 3999 duo
751 3937 1032 4000 membra
1057 3937 1374 4018 adaequate
1404 3936 1687 3998 dividant
1721 3935 1814 3997 10-

242 4045 386 4107 gem
420 4031 796 4092 humanam.
826 4031 1107 4092 Tertium
1133 4035 1247 4105 cst,
1278 4035 1430 4110 quot
1469 4046 1699 4109 genera
1727 4027 1815 4089 10-

242 4139 392 4200 30111
419 4123 850 4186 humanarum
888 4122 1006 4184 sub
1045 4122 1307 4202 singulis
1335 4121 1588 4184 illorum
1619 4137 1816 4182 mem-

243 4213 509 4279 brorum
537 4217 992 4294 contineantur,
1027 4221 1100 4278 111
1133 4217 1212 4279 de
1237 4214 1360 4278 11110
1403 4215 1722 4296 sigillatim
1747 4213 1818 4275 in

243 4310 672 4390 sequentibus·
682 4312 979 4374 dieamus.

317 4406 380 4465 Ξ.
425 4407 622 4470 Ratio
653 4406 970 4468 dubitandi
1001 4421 1072 4467 σω
1101 4421 1163 4467 oo
1192 4403 1350 4485 qvod
1372 4402 1566 4465 omnis
1603 4401 1700 4464 lem
1719 4401 1820 4464 vi-

244 4497 415 4560 detur
455 4497 852 4577 favorabilis.
868 4529 950 4544 —
971 4497 1145 4559 Circa
1171 4497 1472 4576 primum,
1515 4495 1674 4556 ratio
1705 4494 1820 4556 du-

239 4588 490 4652 bitandi
511 4609 644 4652 esse
661 4596 883 4671 potest,
912 4591 1059 4670 quia
1077 4590 1252 4652 nulla
1273 4594 1365 4651 est
1385 4589 1488 4650 lex
1509 4607 1646 4668 quae
1667 4589 1814 4650 sim-

241 4683 494 4762 pliciter
535 4681 892 4745 favorabilis
929 4701 1058 4744 non
1100 4683 1181 4744 sit
1214 4700 1232 4744 ι
1275 4700 1424 4762 ergo
1450 4699 1578 4743 non
1614 4686 1816 4762 potest

245 4776 582 4839 subsistere
607 4777 848 4838 divisio.
880 4775 1263 4838 Antecedens
1281 4780 1478 4856 patet,
1511 4773 1661 4856 quia
1684 4774 1809 4850 lex,

245 4875 316 4930 ut
341 4871 423 4931 sit
445 4871 620 4950 justa
660 4875 724 4932 et
749 4886 898 4932 vera
923 4867 1048 4945 lex,
1097 4867 1280 4930 debet
1317 4885 1448 4930 0000
1492 4866 1814 4928 communi

248 4961 414 5024 bono
449 4961 649 5039 utilis,
679 4968 741 5024 et
767 4961 1088 5025 moraliter
1103 4960 1616 5037 1100000011ος0οἀ
1643 4959 1816 5021 utili-

248 5059 342 5116 tas
381 5053 539 5118 honi
578 5056 926 5118 communis
966 5056 1276 5118 maximus
1303 5053 1480 5118 favor
1511 5059 1624 5130 est,
1665 5052 1816 5132 quia

246 5147 487 5211 bonum
537 5165 866 5212 commune
913 5147 1370 5230 praeferendum
1403 5152 1496 5210 est
1533 5143 1808 5208 ceteris:

247 5257 402 5320 ergo
423 5242 630 5304 omnis
649 5241 754 5305 lex
781 5242 1139 5322 simpliciter
1158 5240 1397 5302 inducit
1420 5239 1719 5314 favorem,
1747 5242 1812 5300 ct

3322 390 3442 452 415

1883 504 1949 559 at
1974 498 2108 559 hoec
2144 516 2273 559 non
2302 504 2391 560 est
2436 498 2679 573 odiosa3
2722 516 2871 578 ergo
2898 496 3092 559 nulla.
3138 496 3449 559 Probatur

1883 592 2112 667 minor,
2140 599 2280 653 tum
2308 593 2457 672 quia
2488 592 2644 653 alias-
2672 593 2878 654 omnis
2900 592 3000 653 lex
3024 598 3182 654 esset
3207 592 3440 670 odiosa,

1883 686 2029 765 quia
2058 685 2261 746 omnis
2286 685 2389 746 lex
2424 684 2692 765 imponit
2726 692 2970 747 reatum
2998 704 3198 765 poenoe
3243 692 3446 747 trans-

1883 778 2305 859 gressoribus:
2338 778 2504 857 quod
2541 784 2751 839 autem
2794 778 2902 839 ina
2929 797 3111 858 poena
3138 780 3447 859 exprima-

1881 877 2009 947 tur,
2038 872 2141 935 vel
2186 872 2631 934 determinetur
2665 873 2733 933 in
2785 872 2946 951 1030,
2992 890 3215 952 parum
3260 877 3447 951 00301

1885 982 2222 1045 gravamen
2246 982 2357 1027 seu
2388 964 2625 1040 odium,
2650 982 2792 1026 cum
2834 966 2996 1025 solus
3038 972 3244 1026 reatus
3272 971 3447 1027 01101-

1884 1076 1982 1119 nse
2026 1076 2227 1139 poenoe
2274 1058 2353 1119 ad
2391 1057 2751 1135 hujusmodi
2796 1057 3012 1119 odium
3053 1058 3339 1134 sufficiat,
3386 1062 3449 1119 et

1887 1151 2287 1213 comminatio
2304 1150 2472 1210 illius
2500 1153 2707 1211 reatus
2725 1150 2794 1210 in
2820 1150 2991 1211 omni
3015 1149 3154 1229 lege
3172 1150 3450 1211 includa-

1885 1250 1992 1305 tur
2017 1262 2156 1324 quae
2183 1243 2391 1324 gravis
2414 1242 2493 1303 sit
2529 1247 2593 1303 et
2626 1259 2857 1303 nomen
2890 1242 3179 1323 praecepti
3216 1242 3447 1321 simpli-

1887 1337 2041 1397 citer
2066 1341 2379 1398 mereatur
2389 1350 2410 1412 3
2440 1340 2576 1394 tum
2603 1334 2792 1396 etiam
2818 1336 2966 1415 quia
2990 1352 3174 1417 poena
3200 1352 3330 1396 non
3357 1340 3451 1395 001

1887 1429 2129 1491 intenta
2175 1447 2287 1509 per
2332 1428 2564 1506 legem,
2611 1428 2716 1489 sed
2760 1428 2968 1509 potius
3004 1429 3334 1509 apponitur
3383 1434 3452 1490 ut

1887 1522 2185 1600 fugiatur,
2216 1526 2279 1582 et
2300 1530 2371 1582 ut
2392 1520 2611 1583 saltem
2644 1540 2721 1584 ex
2749 1523 2973 1585 timore
2997 1524 3129 1602 ejus
3171 1528 3453 1585 servetur

1888 1618 2302 1695 praeceptum3
2339 1632 2489 1694 ergo
2514 1614 2748 1677 additio
2788 1634 2987 1695 poenae
3022 1632 3151 1677 non
3189 1615 3340 1676 facit
3359 1614 3452 1676 le-

1891 1726 2037 1789 gem
2060 1706 2357 1784 odiosam,
2383 1709 2531 1789 quia
2556 1708 2823 1789 qualitas
2850 1708 3005 1787 legis
3028 1709 3342 1788 pensanda
3360 1712 3453 1769 est

1892 1820 1970 1863 ex
2012 1801 2160 1879 fine,
2208 1808 2274 1864 et
2300 1803 2465 1864 bono
2498 1820 2611 1883 per
2656 1820 2720 1863 se
2765 1802 3006 1864 intento
3046 1820 3159 1881 per
3199 1800 3444 1879 legem:

1889 1900 2027 1957 tum
2044 1896 2334 1977 denique,
2354 1896 2524 1976 quia,
2548 1896 2692 1957 licet
2712 1912 2896 1976 poena
2910 1896 2989 1956 sit
3002 1894 3238 1956 malum
3260 1893 3451 1974 quod-

1891 1988 2060 2065 dam,
2096 1994 2185 2050 est
2232 1994 2481 2067 tantum
2525 1987 2865 2050 secundum
2914 1986 3083 2069 quid,
3114 1993 3201 2073 et,
3242 1992 3313 2047 ut
3359 1992 3454 2047 est

1890 2082 2169 2143 medium
2194 2081 2275 2143 ad
2322 2081 2689 2143 servandam
2716 2080 2940 2160 legem,
2974 2086 3065 2141 est
3104 2080 3453 2142 maximum

1889 2174 2126 2235 bo‘num
2154 2192 2170 2237 :
2200 2192 2349 2255 ergo
2393 2180 2486 2236 001
2529 2175 2734 2254 potius
2765 2172 2939 2235 favor
2989 2190 3181 2253 quam
3210 2173 3447 2234 odium.

1888 2267 2257 2347 Eaedemque
2288 2269 2557 2329 rationes
2587 2266 2726 2329 fieri
2752 2272 3009 2347 possunt
3050 2266 3127 2328 de
3154 2284 3454 2347 quacum-

1887 2378 2011 2440 que
2037 2362 2277 2422 ratione
2304 2361 2432 2422 odii
2458 2362 2524 2421 in
2550 2361 2688 2440 1030
2714 2358 3167 2421 considerabili.

1971 2456 2030 2515 3.
2062 2452 2338 2517 Seovmda
2364 2454 2531 2516 ratio
2557 2452 2874 2516 dubitandi
2901 2469 2973 2515 aa·
2999 2470 3060 2515 eo
3079 2452 3237 2532 quod
3260 2452 3455 2516 omnic
3542 2492 3551 2500 -

1889 2546 1986 2609 lem
2012 2548 2277 2610 humana
2320 2549 2559 2611 videtur
2602 2546 2826 2609 odiosa.
2853 2580 2936 2592 --—
2960 2548 3032 2607 In
3076 2545 3455 2606 contrarium

1889 2640 2087 2701 videri
2101 2645 2301 2719 potest
2322 2640 2561 2701 nullam
2582 2658 2714 2703 esse
2729 2640 3074 2700 humanam
3091 2638 3296 2717 legem
3314 2656 3453 2718 quae

1885 2732 2098 2793 odiosa
2123 2731 2247 2792 diei
2273 2750 2402 2793 non
2429 2733 2619 2813 possit
2641 2750 2713 2793 ac
2731 2731 2976 2807 debeat,
3014 2748 3087 2793 00
3122 2730 3306 2791 1110ᾶο
3331 2748 3455 2811 quo

1887 2825 2032 2888 talis
2079 2825 2503 2895 denominatio
2530 2830 2729 2905 potest
2752 2825 2820 2885 in
2844 2841 3060 2885 veram
3104 2822 3307 2902 legem
3357 2842 3457 2884 ca·

1891 2918 2057 2981 dere.
2094 2920 2221 2979 Lex
2264 2920 2432 2980 enim
2486 2937 2614 2980 non
2655 2924 2855 2998 potest
2893 2914 3016 2978 dici
3045 2916 3275 2993 odiosa,
3308 2918 3457 2997 quia

1889 3029 2003 3091 per
2046 3028 2113 3071 se
2156 3012 2235 3072 sit
2275 3011 2419 3072 odio
2467 3011 2678 3090 digna,
2724 3028 2839 3071 nec
2870 3010 3018 3090 quia
3060 3028 3172 3090 per
3222 3028 3287 3073 se
3336 3010 3456 3071 ha-

1889 3102 2036 3166 beat
2105 3104 2395 3167 effectum
2477 3104 2587 3184 qui
2648 3104 2869 3167 reddat
2923 3102 3244 3168 hominem
3314 3104 3456 3166 odio

1891 3196 2179 3274 dignum,
2223 3198 2311 3258 010
2340 3197 2510 3258 0111111
2545 3196 2745 3257 00111111
2772 3202 3094 3277 peccatum
3135 3203 3224 3258 est
3256 3215 3366 3279 per
3390 3215 3457 3260 se

1893 3289 2037 3350 odio
2078 3289 2363 3368 dignum,
2398 3295 2460 3350 et
2495 3289 2700 3351 reddit
2743 3294 3154 3370 peccatorem,
3202 3295 3275 3350 ut
3314 3289 3454 3351 talis

1893 3385 2010 3457 est,
2046 3381 2189 3443 odio
2238 3382 2532 3461 dignum3
2579 3381 2683 3443 lex
2729 3387 2942 3443 autem
2968 3399 3083 3442 1100
3132 3388 3457 3461 peccatum

1893 3477 2007 3548 est,
2035 3491 2150 3534 nec
2177 3473 2257 3534 ad
2284 3479 2606 3553 peccatum
2627 3473 2905 3535 inducit:
2933 3491 3063 3535 non
3088 3479 3287 3554 potest
3307 3492 3456 3554 ergo

1889 3565 2009 3626 hoc
2040 3566 2227 3627 modo
2254 3565 2378 3626 dici
2400 3566 2629 3627 odiosa.
2664 3566 2877 3627 Solum
2902 3582 3051 3644 ergo
3093 3564 3215 3626 dici
3260 3571 3458 3647 potest

1890 3657 2123 3736 odiosa,
2152 3665 2456 3739 quatenus
2479 3659 2733 3739 aliquod
2773 3676 2929 3719 onus
2950 3659 3239 3739 imponit,
3288 3658 3456 3739 quod

1889 3752 2143 3829 durum,
2165 3770 2238 3814 ac
2266 3769 2456 3832 grave
2483 3753 2706 3813 merito
2728 3757 3051 3832 reputatur
3061 3768 3081 3830 ;
3106 3751 3226 3813 hoc
3245 3758 3456 3814 01110111

1889 3844 2075 3905 modo
2107 3845 2309 3906 onmis
2334 3844 2438 3905 lex
2472 3845 2750 3906 humana
2786 3845 2998 3906 odiosa
3023 3845 3223 3906 videri
3249 3845 3452 3921 debet,

1892 3937 2043 4016 quia
2066 3936 2240 3997 addit
2265 3953 2500 3998 novum
2532 3937 2918 3997 conscientiae
2944 3936 3264 3997 vinculum
3290 3936 3457 3997 ultra

1893 4047 2081 4090 omne
2108 4029 2425 4090 vincuium
2451 4028 2679 4089 divinae
2700 4027 2876 4107 Iegis,
2897 4028 3064 4108 quod
3090 4047 3277 4108 grave
3300 4046 3457 4090 onus

1893 4126 2239 4201 reputatur,
2269 4121 2611 4202 praesertim
2644 4120 2791 4199 quia
2817 4125 3019 4199 potest
3045 4136 3175 4182 esse
3218 4121 3457 4182 occasio

1896 4214 2094 4293 culpae·
2118 4219 2179 4275 et
2200 4219 2447 4276 aeternae
2468 4214 2708 4275 mortis.
2752 4213 2830 4274 Et
2852 4212 3279 4291 confirmmur,
3309 4214 3457 4294 quia

1899 4307 1952 4369 si
1978 4307 2185 4387 aliqua
2212 4312 2369 4370 esset
2396 4307 2497 4368 lex
2518 4305 2896 4384 favorabilis,
2921 4305 3192 4368 maxime
3210 4305 3459 4385 privile-

1899 4399 2154 4480 giativa,
2190 4400 2340 4480 quia
2364 4399 2497 4463 haee
2526 4405 2619 4463 est
2652 4419 2787 4480 quae
2810 4399 3011 4479 magis
3033 4399 3263 4460 directe
3291 4403 3354 4460 et
3378 4415 3455 4459 ex

1898 4493 2181 4555 instituto
2234 4493 2511 4556 favorem
2568 4493 2889 4571 concedit3
2940 4496 3006 4553 at
3033 4490 3452 4572 privilegium,

1898 4593 2203 4668 quatenus
2223 4587 2326 4649 lex
2344 4593 2457 4665 est,
2488 4587 2769 4649 odiosum
2805 4591 2918 4662 est,
2944 4585 3091 4665 quia
3116 4589 3207 4646 est
3237 4601 3455 4645 onero-
3536 4637 3563 4660 ,

1891 4699 2031 4742 sum
2063 4679 2188 4742 inis
2242 4699 2396 4761 quos
2436 4680 2671 4758 obligat
2708 4695 2821 4758 per
2864 4678 3120 4740 modum
3166 4676 3345 4756 legis,
3391 4680 3458 4737 01

1891 4779 2197 4854 quatenns
2234 4773 2631 4853 privilegium
2674 4777 2765 4834 est
2810 4777 3091 4835 censetur
3142 4769 3449 4846 odiosum,

1890 4867 2043 4947 quia
2068 4867 2323 4946 derogat
2349 4866 2483 4945 juri
2507 4865 2847 4942 communi,
2878 4871 2941 4928 et
2965 4864 3209 4927 inducit
3242 4863 3453 4942 singu·-

1890 4959 2201 5021 laritatem
2242 4959 2311 5020 in
2361 4959 2829 5035 communitate,
2877 4975 3016 5038 quse
3064 4957 3273 5020 odiosa
3319 4971 3451 5017 esse

1891 5051 2068 5128 solet,
2093 5057 2166 5112 ut
2190 5055 2403 5132 postea
2426 5069 2537 5112 suo
2559 5051 2697 5114 loco
2714 5049 3060 5111 videbimus
3071 5071 3090 5125 3
3112 5064 3262 5127 ergo
3278 5047 3453 5108 nulla

1893 5151 1984 5207 est
2015 5145 2117 5207 lex
2140 5163 2300 5225 quae,
2332 5149 2639 5224 quatenus
2664 5148 2757 5206 est
2782 5141 2945 5218 talis,
2978 5139 3337 5221 simpliciter
3361 5138 3451 5201 fa-

1891 5237 2183 5300 vorabilis
2203 5237 2303 5298 sit.
2327 5236 2606 5297 Tandem
2631 5237 2729 5298 hae
2749 5236 3022 5297 rationes
3048 5251 3163 5314 pro
3188 5239 3451 5313 utraque

243 5334 364 5396 hoc
395 5341 490 5397 001
515 5354 644 5398 0000
673 5335 1112 5414 favorabilem3
1142 5334 1316 5396 nulla
1351 5351 1500 5414 ergo
1535 5349 1666 5396 0000
1701 5351 1810 5414 po-
1885 5335 2063 5414 parte
2078 5329 2255 5392 iactae
2272 5329 2566 5391 videntur
2586 5329 2949 5391 convincere
2968 5343 3222 5390 omnem
3246 5326 3463 5406 legem·

243 5433 366 5489 test
393 5429 626 5492 odiosa.
654 5431 734 5490 Et
757 5429 1204 5492 confirmatur:
1237 5445 1388 5491 nam
1409 5428 1464 5490 si
1489 5443 1629 5509 quae
1651 5431 1812 5491 essct

244 5519 353 5584 lex
367 5521 604 5600 odiosa,
637 5522 910 5588 maxime
935 5522 1046 5587 1Πο
1071 5539 1210 5606 quse
1234 5539 1486 5606 poenam
1509 5519 1807 5604 imponit3

1889 5423 2151 5487 mixtam
2168 5439 2319 5498 0000,
2342 5427 2405 5484 ct
2424 5421 2656 5502 partim
2668 5421 2965 5498 favorem,
2984 5419 3215 5502 partim
3236 5419 3450 5481 odium

1891 5519 2230 5600 includere,
2260 5517 2427 5601 quod
2446 5515 2597 5582 satis
2624 5521 2717 5582 001
2732 5521 2805 5581 ut
2832 5516 3052 5582 divisio
3073 5534 3201 5580 non
3224 5513 3451 5578 habeat
