3976 6219
589 359 628 416 2
1583 358 1701 409 Lm.
1736 358 1774 409 1.
1810 357 1890 408 DE
1923 355 2176 407 NATURA
2208 354 2385 407 LEGts
2417 354 2481 406 IN
2514 355 2806 408 connum.

589 457 876 531 Quamvis
902 456 987 514 ibi
1022 457 1208 533 possit
1236 455 1422 514 etiam
1462 454 1723 513 verbum
1766 454 2034 529 faciendi
2080 454 2147 510 in

587 551 709 610 alia
740 548 1186 625 significatione
1215 564 1324 622 pro
1354 545 1539 604 verbo
1568 541 1930 603 observandi
1959 544 2141 602 sumi.

670 644 726 700 3.
773 642 958 699 Juxta
988 638 1148 696 hanc
1182 639 1367 697 etiam
1414 640 1684 715 priorem
1730 636 2146 714 acceptionem

584 732 850 808 intelligi
877 736 1068 808 potest
1093 729 1334 801 Paulus,
1357 747 1499 787 cum
1524 728 1988 787 inclinationem
2012 744 2147 785 sen-

586 824 793 885 tientis
820 822 1124 899 appetitus
1151 821 1351 897 legem
1383 821 1823 892 membrorum,
1856 824 1918 877 et
1944 818 2145 893 legem

584 915 817 996 peccati
846 912 1132 990 appellat,
1159 913 1237 970 ad
1268 914 1442 971 Rom.
1475 915 1533 986 7,
1554 930 1741 989 quam
1770 913 1835 969 D.
1856 911 2142 983 'l'homa5,

586 1009 732 1067 dict.
766 1010 977 1084 quaest.
1009 1008 1112 1077 90,
1144 1023 1199 1063 a.
1245 1008 1312 1077 1,
1344 1005 1418 1062 ad
1470 1008 1524 1078 1,
1556 1011 1617 1062 et
1646 1023 1706 1080 q.
1736 1005 1834 1072 90,
1871 1020 1925 1060 a.
1962 1004 2025 1075 6,
2063 1002 2145 1060 le-

586 1119 725 1178 gem
752 1099 981 1158 somitis
1001 1097 1350 1175 appellavit.
1384 1098 1657 1155 Declarat
1687 1102 1891 1157 autem
1914 1095 2022 1165 ibi,
2054 1094 2143 1153 fo-

584 1193 753 1253 mitis
773 1190 1185 1249 inordinatam
1204 1188 1667 1247 inclinationem
1689 1188 1889 1245 vocari
1908 1186 2138 1262 legem:

585 1303 711 1343 non
741 1281 1098 1350 formaliter,
1123 1286 1192 1337 ut
1218 1280 1316 1337 lex
1346 1285 1435 1338 est
1465 1297 1774 1351 mensura,
1811 1278 1913 1336 sed
1950 1278 2141 1354 parti-

583 1375 866 1454 cipative,
889 1383 957 1430 ut
982 1371 1132 1430 solet
1152 1371 1271 1429 dici
1291 1371 1365 1429 de
1396 1378 1751 1429 mensurato
1778 1388 1883 1447 per
1912 1370 2134 1445 legem.

586 1467 755 1526 Unde
784 1465 968 1523 sentit
1013 1464 1079 1521 D.
1118 1462 1382 1520 Thomas
1411 1462 1876 1520 inclinationem
1907 1461 2139 1538 appeti-

579 1563 678 1617 tus
709 1555 1046 1615 secundum
1072 1572 1135 1612 se
1157 1572 1282 1611 non
1307 1554 1510 1611 vocari
1543 1553 1768 1629 legem,
1797 1552 1900 1610 sed
1927 1557 2138 1628 quate-

579 1668 695 1708 nns
714 1648 943 1723 exlege
965 1646 1068 1704 Dei
1096 1646 1387 1722 puniente
1403 1645 1640 1722 privata
1660 1651 1748 1702 cst
1772 1644 2137 1702 rectitudine

578 1739 1163 1818 originalisjustitiae
1193 1743 1439 1815 propter
1466 1743 1779 1814 peccatum
1810 1736 2132 1811 originale.

578 1835 731 1893 Nam
779 1832 897 1890 hoc
948 1830 1128 1887 modo
1176 1829 1550 1887 inordinatio
1598 1829 1827 1885 fomitis
1878 1847 2004 1885 non
2050 1834 2139 1886 est

580 1943 745 1983 mere
792 1921 1114 1993 naturaliS,
1165 1920 1266 1978 sed
1309 1926 1400 1977 est
1425 1937 1607 1997 prena
1640 1920 1895 1996 peccati,
1961 1919 2136 1977 etita

575 2017 801 2075 dicitur
825 2014 923 2072 lex
943 2019 1237 2089 tanquam
1259 2010 1509 2069 eflectus
1528 2010 1749 2067 divinae
1771 2010 1943 2084 legiS.
1962 2009 2134 2080 Quod

574 2108 761 2167 etiam
807 2106 1048 2163 videtur
1083 2103 1336 2160 sensisse
1371 2101 1775 2177 Augustinus,
1814 2100 1922 2158 lib.
1978 2104 2001 2158 1
2055 2101 2132 2158 ad

574 2197 874 2273 Simplicâ€ž
908 2201 1118 2272 quaest.
1159 2197 1214 2266 1,
1261 2193 1469 2277 (1100115
1518 2213 1530 2248 :
1588 2193 1777 2262 Quam
1826 2194 2130 2252 sarcinam

564 2295 945 2369 prementem,
990 2299 1041 2348 ec
1080 2291 1411 2364 umentem,
1457 2286 1582 2345 ideo
1631 2286 1809 2361 leyem
1842 2284 2128 2359 appellat,

570 2383 715 2461 quia
743 2382 889 2459 jure
935 2378 1245 2455 supplicii,
1280 2378 1480 2436 divino
1519 2377 1753 2452 judicio
1800 2376 2032 2434 tributa
2079 2382 2134 2435 et

569 2474 853 2550 imposita
878 2477 984 2544 est,
1011 2471 1224 2546 utique
1250 2468 1620 2526 removendo
1638 2467 1969 2542 justitiam,
1994 2486 2130 2545 quae

570 2564 942 2623 contrariam
972 2561 1402 2620 rectitudinem
1428 2559 1756 2618 tribuebat.

650 2657 707 2714 4.
733 2655 868 2726 Sed,
887 2655 1026 2712 licet
1049 2653 1179 2711 haec
1199 2670 1344 2711 vera
1365 2652 1509 2723 sint,
1537 2650 1939 2709 nihilominus
1963 2650 2128 2709 vide-

570 2753 671 2806 tur
693 2747 824 2825 ipsa
847 2745 1163 2804 inclinatio
1191 2743 1521 2821 appetituS,
1545 2748 1615 2800 ut
1641 2760 1803 2801 mere
1832 2742 2128 2801 naturalis

569 2846 679 2914 est,
712 2858 885 2917 posse
920 2838 1124 2896 vocari
1153 2837 1251 2895 lex
1284 2854 1356 2894 eo
1408 2835 1614 2908 mode,
1646 2853 1767 2912 quo
1812 2835 2126 2893 inclinatio

568 2930 865 2991 naturalis
894 2948 1066 3007 aeque
1094 2929 1193 2987 lex
1216 2927 1579 3005 appellatur.
1611 2927 1708 2985 Sic
1730 2927 1894 2985 enim
1927 2928 1992 2985 111
2017 2928 2124 2986 ho-

570 3024 735 3083 mine
768 3023 831 3080 in
856 3022 1020 3100 puris
1041 3020 1423 3079 naturalibus
1444 3025 1595 3077 esset
1615 3019 1721 3077 illa
1749 3020 1845 3077 lex
1869 3019 2120 3093 fomitis,

567 3117 706 3177 licet
732 3135 857 3175 non
887 3121 1039 3174 esset
1066 3131 1247 3192 poena
1276 3112 1527 3191 peccati.
1562 3113 1711 3171 Item
1739 3113 1925 3171 etiam
1957 3130 2125 3171 nunc

563 3210 808 3269 videtur
846 3207 1078 3267 fomitis
1109 3207 1436 3284 propensio
1470 3206 1672 3264 vocari
1711 3204 1806 3263 lex
1850 3224 1972 3263 11011
2030 3224 2124 3263 so-

565 3303 718 3372 lum,
769 3300 915 3378 quia
950 3299 1198 3358 effectus
1244 3296 1418 3374 legiS,
1456 3296 1561 3354 sed
1604 3297 1789 3355 etiam
1839 3297 1985 3374 quia
2033 3303 2123 3356 est

565 3394 743 3472 quasi
773 3410 1060 3451 mensura
1088 3400 1148 3450 et
1176 3389 1391 3466 regula
1415 3389 1791 3447 sensualium
1815 3395 2118 3464 motuum,

566 3491 626 3543 et
654 3484 791 3543 ideo
822 3502 858 3541 a
908 3481 1095 3540 Panlo
1144 3481 1241 3539 lex
1290 3480 1708 3539 membrorum
1753 3487 1967 3539 vocata
2008 3488 2120 3554 est,

566 3577 710 3654 quia
744 3575 1035 3634 membris
1060 3573 1329 3651 corporis
1364 3573 1706 3650 specialiter
1725 3573 2081 3630 dominatur
2106 3590 2120 3632 :

566 3667 731 3726 unde
760 3672 850 3725 est
874 3665 1025 3723 illud
1050 3664 1406 3740 Augustini,
1432 3664 1539 3722 lib.
1562 3665 1621 3736 5,
1652 3663 1867 3722 Genes.
1902 3664 1980 3721 ad
2002 3664 2092 3722 lit.
2104 3709 2122 3738 ,

566 3779 699 3837 cap.
729 3762 799 3818 10
824 3776 838 3817 :
870 3759 1105 3818 Motum
1135 3757 1309 3815 illius
1331 3756 1505 3832 legsis,
1532 3774 1661 3833 quoe
1688 3762 1981 3832 repuynal
2005 3757 2124 3832 leqi

564 3854 800 3924 mentis,
837 3854 903 3911 in
932 3851 1208 3910 membris
1248 3849 1379 3909 suls
1408 3849 1616 3908 habere
1643 3855 2001 3908 meruerant.
2049 3850 2123 3908 Et

563 3946 707 4005 inde
738 3945 923 4004 etiam
951 3943 1048 4002 lex
1074 3943 1304 4021 peccati
1333 3947 1549 4000 vocata
1595 3948 1706 4016 est,
1753 3960 1877 3999 non
1922 3941 2123 3999 solum

564 4039 707 4116 quia
736 4043 823 4097 est
856 4055 931 4096 ex
976 4042 1245 4114 peccate,
1286 4035 1389 4094 scd
1422 4035 1604 4094 etiam
1643 4035 1786 4112 quia
1812 4036 1888 4094 ad
1916 4055 2124 4113 pecca-

562 4137 696 4190 tum
759 4130 1032 4188 inclinat.
1093 4130 1218 4188 Hoc
1259 4134 1465 4187 autem
1495 4128 1678 4187 modo
1729 4147 1854 4187 non
1900 4129 2018 4188 fuit
2056 4131 2122 4190 in

562 4224 797 4283 Adamo
832 4224 961 4282 haec
990 4223 1089 4282 lex
1113 4229 1254 4281 ante
1282 4228 1621 4300 peccatum,
1654 4224 1799 4299 qnia
1826 4222 1966 4282 licet
2014 4242 2119 4302 ap-

563 4316 790 4394 petitus
832 4315 1158 4374 sensitivus
1187 4315 1319 4391 ejus
1361 4333 1487 4373 non
1527 4321 1763 4373 careret
1792 4333 1902 4373 sua
1932 4322 2119 4374 natu-

565 4406 677 4465 rali
707 4407 1127 4480 inclinatione,
1164 4424 1273 4483 per
1318 4424 1380 4464 se
1411 4424 1536 4464 non
1566 4405 1953 4483 operabatur,
2009 4426 2122 4466 nec

564 4499 1000 4558 dominabatur
1039 4498 1166 4556 ullo
1196 4497 1400 4570 modo,
1434 4517 1545 4556 nec
1588 4504 1719 4556 erat
1746 4498 1982 4574 regula,
2015 4506 2123 4559 aut

563 4611 853 4651 mensura
892 4592 1239 4669 aliquorum
1274 4595 1580 4663 motuum,
1618 4591 1721 4650 sed
1746 4591 1864 4667 legi
1897 4593 2121 4652 mentis

562 4685 816 4743 omnino
845 4683 1116 4760 subjecta
1145 4688 1293 4742 erat.
1328 4683 1445 4742 Sed
1473 4684 1547 4743 de
1578 4685 2007 4761 metaphoricis
2035 4685 2121 4745 lo-

563 4776 912 4837 cutionibus
952 4777 1081 4835 111130
1123 4776 1450 4836 sufficiunt.

643 4871 701 4928 5.
743 4869 1022 4928 Secunda
1038 4870 1305 4947 acceptio
1328 4869 1481 4946 legis
1505 4870 1701 4947 magis
1724 4872 1967 4949 propria
1992 4877 2114 4930 est:

563 4978 708 5018 nam
745 4979 841 5018 ars
869 4967 957 5019 cst
1010 4979 1161 5038 opus
1208 4961 1484 5034 rationis,
1540 4968 1600 5020 et
1650 4963 1787 5021 ideo
1830 4983 2119 5025 mensura

563 5053 695 5127 ejus
723 5052 1006 5129 proprius
1036 5058 1231 5130 potest
1259 5052 1411 5130 legis
1436 5055 1687 5113 nomine
1732 5055 2069 5131 significari
2098 5073 2112 5115 :

564 5149 623 5202 et
652 5144 737 5202 ita
761 5143 1025 5203 solemus
1048 5145 1426 5221 distinguere
1465 5146 1632 5223 leges
1663 5147 1923 5222 militiae,
1955 5168 2116 5209 mer-

562 5241 809 5308 caturae,
842 5242 983 5309 etc.,
1011 5241 1078 5294 ut
1105 5237 1173 5294 D.
1202 5236 1492 5311 ThomaS,
1525 5240 1585 5298 d.
1618 5246 1734 5298 art.
1766 5243 1824 5314 6,
1854 5243 2108 5302 notavit.

560 5330 635 5388 Et
662 5329 890 5405 regulae
914 5347 1183 5405 congrue
1202 5330 1492 5408 loquendi
1513 5333 1708 5392 solent
1728 5335 1892 5412 leges
1913 5354 2117 5410 gram-

562 5421 800 5481 matica}
837 5421 1162 5499 appellari,
1203 5428 1265 5482 et
1299 5424 1383 5482 sic
1426 5425 1501 5483 de
1530 5425 1666 5485 aliis
1701 5427 1957 5488 artibuS.
2001 5430 2114 5489 Ta-

2228 471 2372 512 men
2416 454 2574 511 sicut
2619 454 2919 513 rectitudo
2970 452 3118 511 artis
3167 458 3444 530 respectu
3491 458 3779 511 creaturae

2228 545 2543 603 rationalis
2572 551 2661 604 est
2687 545 2985 605 rectitudo
3004 545 3340 603 secundum
3362 544 3532 621 quid,
3551 549 3622 602 ut
3641 547 3696 602 1.
3715 545 3775 616 2,

2230 643 2443 714 quaest.
2498 639 2597 710 56,
2652 638 2719 696 D.
2758 636 3020 696 Thomas
3065 636 3354 707 declarat,
3392 637 3479 693 ita
3507 635 3606 694 lex
3633 635 3781 694 artis

2230 731 2424 789 solum
2460 736 2657 808 potest
2684 730 2801 789 dici
2829 730 2930 789 lex
2960 730 3293 788 secuudum
3325 728 3490 805 quid.
3534 728 3781 805 Propria

2228 841 2375 898 ergo
2405 829 2466 881 et
2514 822 2788 880 absoluta
2833 820 3160 898 appellatio
3192 820 3344 897 legis
3393 825 3506 893 est,
3539 838 3674 897 quae
3703 820 3779 878 ad

2230 933 2429 973 mores
2475 915 2742 991 pertinet
2787 935 2801 973 Îµ
2845 921 3030 991 atque
3081 915 3166 971 ita
3212 913 3639 989 restringenda
3690 917 3781 972 est

2228 1009 2296 1066 D.
2331 1007 2581 1065 Thomae
2625 1007 2973 1083 descriptio,
3009 1011 3078 1063 ut
3104 1005 3332 1064 scilicet
3361 1005 3461 1064 lex
3489 1005 3566 1063 sit
3610 1022 3780 1063 men-

2224 1117 2366 1157 sura
2421 1097 2699 1175 quaedam
2748 1104 2998 1156 actuum
3043 1096 3393 1168 moralium,
3442 1097 3528 1155 ita
3570 1101 3638 1153 ut
3671 1114 3780 1173 per

2223 1190 2716 1249 conformitatem
2757 1190 2832 1247 ad
2871 1188 3065 1260 illam,
3104 1188 3535 1247 rectitudinem
3583 1205 3781 1247 mora-

2221 1283 2343 1341 lem
2378 1284 2667 1355 habeant,
2707 1286 2768 1340 et
2799 1281 2849 1339 si
2888 1280 2967 1338 ab
3010 1279 3117 1338 illa
3159 1279 3505 1338 discordent
3545 1278 3777 1356 obliqui

2221 1376 2365 1433 sint.

2301 1471 2361 1525 6.
2411 1466 2555 1537 Quoe
2583 1465 2666 1524 sit
2689 1464 2942 1540 propria
2972 1468 3026 1523 et
3056 1481 3196 1522 â€˜cera
3237 1462 3351 1521 lese.
3379 1496 3456 1505 â€”-
3488 1461 3775 1534 Quocirca

2220 1557 2502 1633 quamvis
2531 1556 2840 1613 interdum
2873 1555 3087 1631 iniqua
3112 1560 3434 1631 praecepta,
3468 1572 3575 1612 seu
3599 1572 3776 1629 regu-

2218 1648 2316 1720 lae,
2342 1647 2740 1721 soleantlegis
2769 1647 3019 1703 nomine
3045 1644 3398 1721 significari,
3421 1646 3601 1720 juxta
3626 1645 3773 1704 illud

2219 1741 2356 1799 lsai.
2386 1743 2486 1812 20,
2527 1740 2623 1801 Voe
2655 1739 2758 1816 qui
2788 1738 3040 1798 conditis
3061 1737 3217 1813 á¼±ÎµÏá¾¶Ï‚
3245 1738 3508 1813 iniquae,
3536 1742 3596 1794 et
3622 1737 3772 1796 illud

2218 1832 2580 1904 AristoteliS,
2619 1833 2655 1888 4
2694 1830 2986 1901 Ethicor.,
3032 1847 3162 1904 cap.
3205 1832 3226 1886 -1
3261 1848 3274 1886 :
3316 1829 3490 1887 Mala
3533 1829 3628 1887 lese
3663 1834 3767 1901 est,

2217 1943 2347 2001 quse
2376 1923 2766 1983 tumultuarie
2779 1923 2983 1997 posita
3010 1926 3117 1992 est,
3144 1920 3340 1996 qualis
3360 1925 3450 1978 est
3479 1920 3605 1992 illa,
3636 1938 3767 1997 quae

2216 2015 2401 2091 vulgo
2456 2014 2574 2072 dici
2635 2013 2808 2085 solet,
2858 2012 2958 2070 lex
3000 2012 3239 2083 mundi,
3295 2011 3395 2069 lex
3448 2011 3656 2083 duelli,
3706 2016 3765 2069 et

2213 2106 2478 2180 similesÍ¾
2521 2105 2662 2163 licet
2701 2106 2997 2181 (inquam)
3047 2104 3160 2161 hoc
3198 2103 3285 2161 ita
3317 2104 3417 2175 sit,
3465 2102 3768 2161 nihilomi-

2213 2217 2330 2257 nus
2360 2198 2627 2275 proprie,
2660 2202 2721 2255 ct
2749 2195 3108 2273 simpliciter
3140 2194 3470 2270 loquendO,
3512 2195 3638 2253 sola
3665 2194 3768 2254 illa

2214 2308 2350 2367 quae
2399 2296 2490 2348 est
2537 2307 2828 2348 mensura
2881 2288 3261 2345 rectitudinis
3295 2287 3675 2363 simpliciter,
3708 2292 3769 2346 et

2213 2387 2652 2459 consequenter
2678 2381 2806 2439 sola
2831 2380 2936 2439 illa
2977 2398 3112 2457 quae
3153 2386 3243 2437 est
3271 2378 3485 2455 regula
3512 2385 3678 2439 recta
3709 2386 3769 2438 et

2211 2473 2489 2545 honesta,
2546 2478 2747 2550 potest
2797 2473 2892 2530 lex
2947 2472 3262 2549 appellari.
3319 2472 3403 2529 Ac
3450 2478 3769 2549 propterea

2213 2566 2368 2624 dixit
2405 2567 2475 2624 D.
2508 2567 2793 2637 Thomas,
2827 2564 2971 2622 dict.
3027 2570 3242 2640 quaest.
3290 2566 3394 2636 90,
3433 2569 3548 2623 art.
3605 2567 3662 2637 1,
3710 2569 3769 2623 et

2211 2664 2422 2734 quaest.
2460 2660 2561 2730 96,
2611 2663 2727 2716 art.
2766 2658 2827 2729 4,
2864 2661 3040 2733 turpe
3073 2662 3445 2733 praeceptum
3483 2675 3607 2714 11011
3638 2674 3768 2716 esse

2209 2749 2433 2825 legem,
2471 2750 2575 2808 sed
2613 2750 3036 2826 iniquitatemÍ¾
3069 2755 3129 2806 et
3158 2749 3559 2825 Augustinus,
3591 2747 3699 2808 lib.
3733 2753 3760 2808 1

2209 2844 2283 2902 de
2313 2842 2441 2901 Lib.
2476 2842 2635 2915 arb.,
2663 2860 2792 2919 cap.
2815 2842 2883 2899 5:
2904 2841 3067 2899 Mihi
3098 2841 3192 2899 lex
3221 2859 3340 2901 esse
3361 2860 3477 2901 ozon
3507 2843 3764 2916 videtur,

2207 2953 2339 3012 quse
2356 2936 2534 3009 justa
2561 2954 2676 2993 non
2701 2936 2916 3007 fuerit.
2947 2932 3232 3010 Idemque
3259 2933 3333 2992 de
3366 2934 3501 3010 jure
3528 2934 3764 3009 asserit,

2204 3027 2311 3086 lib.
2344 3029 2418 3086 19
2452 3027 2526 3086 de
2560 3026 2831 3098 Civitat.,
2858 3044 2993 3102 cap.
3027 3028 3126 3083 21.
3155 3026 3279 3083 lmo
3311 3026 3498 3085 etiam
3532 3026 3764 3102 Cicer0,

2205 3123 2243 3179 2
2284 3121 2358 3178 de
2411 3120 2711 3196 Legibus,
2754 3119 2910 3177 dixit
2965 3119 3162 3196 legem
3206 3120 3384 3178 condi
3424 3120 3645 3180 debere
3688 3120 3764 3179 ad

2205 3214 2396 3272 vitam
2420 3214 2678 3289 justam,
2710 3212 2982 3289 quietam
3002 3216 3063 3270 et
3092 3210 3331 3270 beatam
3357 3232 3371 3269 Îµ
3405 3220 3466 3270 et
3494 3212 3630 3271 ideo
3658 3212 3765 3289 qui

2205 3305 2368 3381 leges
2392 3306 2650 3382 injustas
2682 3303 3031 3377 condidere,
3057 3304 3300 3381 quidvis
3319 3304 3521 3381 potius
3556 3304 3766 3364 tulisse

2207 3415 2392 3474 quam
2435 3397 2620 3474 leges..
2659 3397 2830 3468 Quod
2862 3396 3049 3455 etiam
3091 3395 3213 3455 late
3242 3396 3564 3455 confirmat
3593 3395 3766 3456 Plato

2206 3490 2271 3547 in
2296 3489 2537 3565 dialogo
2565 3490 2750 3547 citato
2780 3510 2793 3546 Îµ
2827 3495 2888 3548 et
2918 3488 3075 3546 ratio
3103 3489 3292 3548 etiam
3321 3507 3396 3547 ex
3426 3489 3603 3547 dictis
3631 3507 3765 3548 ma-

2207 3582 2426 3641 nifesta
2456 3587 2570 3656 est,
2598 3582 2744 3658 quia
2773 3581 2872 3641 lex
2901 3594 2991 3639 est
3019 3599 3309 3640 mensura
3334 3581 3716 3640 rectitudinis
3745 3597 3762 3640 :

2207 3673 2307 3733 lex
2341 3681 2548 3733 autem
2583 3674 2797 3752 iniqua
2833 3692 2956 3732 nou
3001 3680 3090 3732 est
3124 3692 3413 3732 mensura
3446 3672 3766 3733 rectitudiâ€”

2207 3768 2301 3824 nis
2327 3766 2700 3844 operationis
2725 3766 3014 3824 humanae
3040 3786 3054 3823 :
3084 3784 3227 3825 nam
3260 3766 3462 3843 potius
3491 3766 3647 3824 actio
3671 3765 3767 3824 illi

2206 3860 2535 3918 conformis
2568 3860 2782 3936 iniqua
2821 3864 2910 3916 est
2952 3873 2967 3915 :
3011 3875 3137 3916 non
3165 3864 3253 3916 est
3296 3875 3441 3933 ergo
3485 3856 3606 3930 lex,
3655 3856 3769 3916 sed

2204 3952 2528 4029 participat
2562 3970 2786 4010 nomen
2834 3951 2986 4027 legis
3030 3968 3138 4027 per
3177 3949 3509 4026 quamdam
3553 3947 3768 4007 analo-

2205 4046 2397 4118 giam,
2431 4050 2731 4121 quatenus
2782 4044 2847 4102 in
2875 4043 3089 4102 ordine
3136 4043 3212 4101 ad
3250 4042 3520 4120 aliquem
3569 4041 3768 4099 finem

2201 4136 2542 4214 praescribit
2591 4142 2824 4194 certum
2867 4135 3161 4214 operandi
3209 4136 3483 4195 modum.
3517 4136 3601 4194 De
3639 4151 3769 4211 qua

2202 4248 2268 4289 re
2297 4230 2471 4306 plura
2499 4228 2754 4287 iuferius
2784 4228 3004 4287 dicturi
3040 4245 3268 4287 sumuS.

2284 4324 2339 4380 7.
2388 4322 2584 4397 Atque
2633 4339 2709 4379 ex
2755 4320 2851 4378 his
2880 4320 3257 4378 satisfactum
3301 4325 3394 4379 est
3419 4322 3766 4386 rationibus

2204 4413 2528 4471 dubitandi
2568 4398 2768 4489 quoad
2814 4412 2936 4470 duo
2964 4413 3167 4489 priora
3198 4413 3440 4489 capita:
3473 4434 3621 4476 nam
3662 4419 3767 4479 lex

2205 4506 2271 4564 111
2316 4506 2599 4584 praesenti
2653 4506 2877 4564 dicitur
2921 4524 3230 4580 mensura,
3286 4524 3410 4565 non
3461 4526 3767 4585 quorum-

2207 4618 2470 4677 cumque
2511 4605 2783 4671 actuum,
2817 4598 2920 4658 sed
2952 4601 3301 4674 moralium,
3334 4603 3534 4678 quoad
3584 4604 3768 4665 boni-

2205 4698 2392 4752 tatem
2440 4698 2500 4751 et
2529 4692 2958 4751 rectitudinem
2991 4710 3202 4751 eorum
3248 4694 3628 4771 simpliciter,
3665 4717 3768 4758 raâ€”

2203 4785 2367 4843 tione
2389 4805 2459 4843 cu
2463 4786 2563 4861 jus
2589 4785 2663 4844 ad
2690 4803 2792 4844 eos
2815 4785 3052 4843 inducit
3079 4801 3093 4842 :
3123 4788 3428 4862 quomodo
3449 4788 3605 4848 dixit
3627 4791 3769 4852 Cle-

2202 4895 2375 4935 mens
2415 4876 2887 4948 Alexandrinusâ€š
2930 4877 3036 4935 lib.
3073 4880 3098 4935 1
3144 4879 3546 4954 stromatum,
3575 4882 3767 4959 leyem

2200 4990 2319 5032 esse
2353 4972 2617 5048 reyulam
2648 4973 2959 5047 justorum
2993 4977 3045 5031 eb
3093 4973 3480 5049 injustorum.
3530 4975 3768 5039 Ultima

2199 5082 2344 5122 vcro
2387 5063 2646 5138 obJectio
2681 5063 2946 5140 postulat
2980 5063 3388 5123 differentiam
3419 5067 3580 5126 inter
3613 5088 3767 5129 eon-

2197 5155 2401 5212 silium
2431 5161 2491 5213 et
2531 5155 2755 5231 legem,
2786 5173 2923 5232 quae
2950 5155 3199 5231 longam
3247 5156 3431 5216 habet
3461 5177 3603 5217 cum
3634 5161 3767 5222 hae-

2195 5247 2398 5305 reticis
2449 5246 2950 5323 disputationem,
3010 5265 3137 5306 non
3187 5255 3394 5308 tamen
3459 5251 3536 5309 ad
3589 5253 3769 5314 hunc

2196 5337 2399 5395 locum
2427 5339 2858 5414 pertinentem.
2888 5340 3111 5399 Dicunt
3141 5357 3286 5417 ergo
3311 5342 3522 5420 aliqui,
3551 5343 3767 5421 legem

2196 5429 2520 5507 dupliciter
2568 5432 2761 5509 accipi
2795 5449 2812 5490 Îµ
2866 5452 2990 5493 11110
3043 5435 3224 5495 modo
3246 5429 3254 5438 â€™
3276 5451 3386 5510 pro
3448 5445 3766 5516 praecepto
