3976 6219
518 381 600 442 90

519 502 640 562 que
684 500 748 544 se
797 484 1002 563 ipsum
1047 503 1157 565 per
1195 486 1451 546 modum
1491 489 1781 565 proecepti
1825 493 1886 548 et
1926 486 2081 565 legis

522 575 796 654 obligare
843 584 1061 656 potest,
1109 580 1256 658 quia
1305 598 1432 640 non
1461 586 1553 640 est
1592 579 1709 639 sibi
1754 580 2072 659 superior:

522 687 669 747 ergo
696 669 866 729 nullo
895 671 1077 730 modo
1095 677 1186 730 est
1206 690 1397 750 capax
1421 672 1694 750 positivae
1716 671 1891 749 legis,
1926 672 2079 731 Con-

519 761 827 836 firmatur,
868 763 1014 841 quia
1049 770 1327 842 respectu
1359 766 1463 824 Dei
1492 765 1649 824 nihil
1689 770 1780 824 est
1811 764 2072 837 malum,

522 856 668 934 quia
718 856 1133 934 prohibitum,
1178 858 1306 917 sive
1347 858 1415 917 in
1462 857 1778 933 faciendo,
1829 858 1957 917 sive
2009 857 2076 916 in

522 947 885 1020 omittendo,
927 948 1074 1026 quia
1116 949 1510 1027 quantumvis
1545 949 1778 1027 aliquid
1812 955 2078 1029 ponatur

521 1057 648 1099 esse
695 1040 1102 1118 prohibitum,
1146 1041 1197 1100 si
1246 1042 1404 1101 Deus
1449 1043 1827 1102 contrarium
1865 1043 2071 1119 faciat,

521 1131 755 1192 bonum
782 1132 920 1207 erit,
941 1133 1089 1211 quia
1115 1139 1206 1193 est
1229 1152 1267 1193 a
1284 1134 1485 1211 prima
1512 1134 1727 1212 regula
1749 1135 2074 1197 bonitatis:

520 1243 668 1303 ergo
693 1225 794 1285 lex
816 1227 1078 1304 positiva
1097 1227 1161 1285 in
1190 1227 1404 1289 ordine
1427 1229 1506 1289 ad
1536 1229 1920 1290 honestatem
1946 1247 2078 1289 mo-

521 1335 661 1376 rum
715 1335 842 1377 non
889 1318 1075 1378 habet
1125 1319 1329 1380 locum
1378 1322 1446 1380 in
1482 1321 1692 1381 divina
1732 1322 2073 1382 voluntate.

520 1411 696 1471 Unde
725 1429 850 1470 non
878 1412 1160 1473 obstante
1176 1431 1564 1492 quacumque
1585 1414 1719 1491 lege
1742 1433 1780 1474 a
1797 1433 1860 1475 se
1880 1416 2077 1493 posita

518 1503 679 1563 circa
706 1522 913 1564 rerum
942 1506 1475 1583 gubernationem,
1505 1511 1704 1584 potest
1738 1507 1911 1567 illam
1949 1525 2076 1567 non

520 1613 786 1671 servare,
815 1616 925 1657 sua
947 1600 1221 1676 potentia
1243 1599 1524 1658 absoluta
1541 1600 1796 1673 utend0,
1825 1606 1895 1659 ut
1917 1600 2077 1660 circa

519 1691 797 1767 praemia,
829 1691 924 1751 vel
951 1709 1197 1769 poenam
1226 1692 1710 1766 retribuendam,
1737 1698 1798 1752 et
1824 1693 2074 1767 similia,

521 1783 667 1860 quia
707 1801 833 1842 non
872 1783 1182 1860 obligatur
1223 1784 1300 1844 ad
1333 1785 1697 1844 servandam
1741 1785 1943 1863 legem
1971 1785 2081 1864 qui

522 1880 614 1934 est
640 1892 959 1953 supremus
1001 1878 1320 1951 Dominus,
1347 1883 1409 1937 ct
1437 1883 1609 1937 extra
1638 1895 1888 1938 omnem
1916 1880 2079 1937 ordi-

522 1986 704 2042 nem3
736 1974 797 2028 et
829 1969 917 2029 ita
957 1988 1084 2030 non
1125 1977 1216 2031 est
1245 1971 1691 2049 comparandus
1720 1990 1860 2031 cum
1898 1972 2078 2049 legis-

522 2060 716 2120 latore
736 2060 1030 2137 humanO,
1053 2064 1160 2141 qni
1175 2069 1265 2123 est
1291 2082 1431 2141 pars
1448 2083 1572 2123 suae
1590 2064 2074 2137 communitatiS,

519 2154 817 2232 quidquid
847 2156 928 2213 sit
952 2155 1027 2215 de
1058 2157 1240 2216 modo
1269 2174 1390 2234 quo
1428 2155 1742 2233 legislator
1768 2157 2079 2216 humanus

520 2245 829 2322 obligatur
857 2265 968 2308 sua
996 2248 1152 2325 lege.
1194 2249 1363 2321 Quod
1400 2250 1449 2307 si
1478 2248 1639 2308 ultra
1666 2249 1866 2326 legem
1892 2268 2074 2327 gene-

516 2337 709 2397 ralem
725 2340 971 2399 accedat
998 2342 1344 2419 promissiO,
1361 2343 1490 2420 jam
1515 2344 1674 2402 Deus
1702 2343 2079 2418 obligabitur

517 2430 595 2490 ad
629 2432 993 2491 servandam
1024 2432 1194 2492 illam
1226 2452 1352 2492 non
1381 2451 1456 2493 ex
1483 2433 1618 2510 lege
1651 2434 1936 2511 positiva,
1969 2434 2076 2493 sed

517 2541 592 2584 ex
636 2525 1004 2586 rectitudine
1042 2526 1335 2599 naturali,
1382 2545 1518 2605 quae
1559 2526 1812 2586 resultat
1851 2528 1920 2586 in
1963 2527 2075 2585 tali

516 2616 759 2693 obJecto
804 2636 882 2678 ex
923 2619 987 2677 vi
1030 2619 1469 2698 promissionis,
1516 2619 1612 2679 An
1644 2637 1790 2679 vero
1819 2619 1926 2678 ubi
1972 2620 2071 2678 in-'

516 2710 819 2770 terveniat
866 2710 966 2770 lex
1012 2711 1309 2771 naturalis
1314 2756 1334 2785 ,
1385 2711 1621 2771 dicetur
1674 2713 1739 2770 in
1790 2712 2072 2790 sequenti

519 2807 768 2879 puncto.

602 2896 660 2953 7.
710 2894 989 2973 Objwtio.
1033 2927 1114 2940 —
1156 2895 1420 2958 Solutio.
1450 2928 1531 2940 —
1568 2897 1773 2957 Dices:
1806 2897 1858 2957 si
1888 2900 2070 2973 Deu3‚

515 2994 838 3067 postquam
854 2990 1122 3050 decrevit
1141 2990 1418 3052 absolute
1444 2990 1679 3070 aliquid
1700 3011 1826 3053 non
1849 2993 2073 3067 facere,

516 3081 577 3140 id
609 3089 839 3160 ageret,
865 3082 1210 3144 inordinate
1237 3083 1488 3160 faceret,
1519 3089 1581 3145 et
1607 3086 1745 3146 ideo
1782 3085 1842 3145 id
1872 3085 2075 3147 facere

517 3191 645 3233 non
671 3181 906 3253 potest:
939 3194 1084 3254 ergo
1111 3176 1379 3237 liberum
1401 3177 1714 3237 decretum
1747 3179 1857 3238 Dei
1889 3178 2076 3239 habet

513 3269 643 3327 vim
671 3270 948 3347 positiva}
975 3271 1128 3349 legis
1158 3278 1437 3350 respectu
1458 3272 1790 3332 voluntatis
1817 3273 1973 3349 ejuS,
2004 3278 2075 3332 ut

514 3379 643 3420 non
679 3363 866 3438 possit
889 3364 1145 3424 honeste
1171 3364 1393 3439 facere,
1424 3365 1587 3442 quod
1625 3382 1733 3442 per
1757 3383 1843 3437 se,
1874 3382 1945 3425 ac
1969 3383 2075 3425 re-

517 3459 687 3513 moto
714 3454 818 3514 illo
850 3455 1117 3530 decret0,
1149 3456 1340 3517 libere
1367 3457 1567 3516 facere
1590 3458 1905 3535 potuisset.
1929 3457 2075 3517 Res·

516 3546 778 3625 ponde0,
819 3549 1014 3607 Deum
1041 3567 1167 3608 non
1209 3567 1382 3626 posse
1410 3549 1609 3609 facere
1638 3555 1854 3609 contra
1892 3568 2075 3609 suum

517 3640 856 3713 decretum3
906 3659 1032 3700 non
1074 3647 1322 3720 propter
1367 3641 1846 3720 prohibitionem
1885 3660 2075 3721 quam

517 3735 832 3795 decretum
869 3736 1141 3812 inducat,
1177 3739 1282 3798 sed
1315 3743 1565 3816 propter
1595 3738 2074 3817 repugnantiam

518 3826 711 3905 ipsius
741 3828 852 3900 rei,
884 3829 1031 3907 quia
1056 3832 1107 3889 si
1135 3835 1343 3908 ageret
1376 3835 1588 3890 contra
1611 3831 1926 3891 decretum
1967 3832 2076 3892 ab·

518 3918 812 3995 solutum,
826 3921 1079 3982 haberet
1097 3923 1358 3984 simulet
1376 3942 1453 3984 ex
1470 3924 1810 3983 aeternitate
1830 3923 2076 3984 decreta

518 4013 827 4072 contraria
866 4014 1027 4074 circa
1055 4015 1243 4090 idem,
1283 4022 1346 4076 et
1374 4034 1487 4095 pro
1520 4015 1737 4075 eodem
1770 4020 2071 4093 tempore,

517 4120 627 4162 seu
654 4103 931 4165 absolute
975 4105 1159 4167 vellet
1198 4107 1322 4167 duo
1365 4106 1859 4180 contradictoria,
1909 4105 2075 4184 quod

515 4203 843 4274 repugnat.
871 4197 1100 4275 Ageret
1126 4201 1314 4260 etiam
1337 4205 1553 4260 contra
1584 4199 1921 4259 efficaciam
1946 4216 2074 4259 suae

517 4288 866 4363 voluntatis,
897 4296 958 4351 ct
984 4291 1156 4351 illam
1179 4292 1462 4353 redderet
1490 4292 1869 4352 inefficacem
1896 4297 1958 4351 et
1981 4292 2077 4351 in-

516 4387 922 4456 constantem,
959 4382 1123 4460 quod
1167 4384 1354 4444 etiam
1390 4390 1717 4461 repugnat.
1765 4383 1938 4443 Unde
1984 4383 2079 4442 ul-

518 4475 708 4536 terius
731 4475 979 4548 dicitur,
1018 4480 1148 4535 esto
1187 4494 1311 4535 non
1350 4476 1694 4554 implicaret
1737 4475 2079 4535 contradic-

516 4569 750 4628 tionem
782 4565 1104 4644 physicam
1134 4572 1223 4648 (ut
1252 4568 1339 4627 sic
1366 4565 1587 4645 dicam)
1616 4573 1856 4628 mutare
1882 4568 2077 4627 Deum

518 4661 835 4721 decretum
867 4677 1071 4735 suum,
1104 4661 1210 4720 sed
1242 4664 1485 4719 tantum
1516 4660 1840 4734 moralem,
1878 4678 1950 4719 ac
1976 4679 2079 4720 su-

518 4752 706 4813 binde
753 4752 951 4830 posito
989 4770 1115 4811 uno
1156 4752 1402 4812 decreto
1417 4797 1438 4827 ,
1481 4770 1611 4813 esse
1656 4752 2077 4812 inordinatum

519 4864 702 4925 agere
734 4851 947 4906 contra
974 4845 1129 4905 illud
1161 4860 1178 4904 :
1228 4845 1634 4905 nihilominus
1672 4844 1735 4904 id
1773 4862 1898 4904 non
1931 4844 2081 4904 oriri

521 4958 598 5001 ex
637 4938 1076 5018 prohibitione,
1112 4938 1217 4998 sed
1255 4956 1331 4997 ex
1378 4937 1717 4998 extrinseca
1755 4941 1979 4995 natura
2018 4940 2082 4997 et

523 5031 781 5091 essentia
803 5031 910 5090 Dei
933 5031 1091 5091 sicut
1113 5048 1256 5091 mox
1281 5030 1357 5090 de
1376 5030 1655 5102 veritate,
1677 5034 1739 5089 et
1758 5028 2077 5101 fidelitate,

524 5130 586 5183 et
613 5123 916 5183 similibus
934 5125 1227 5186 dicemus,
1260 5125 1416 5197 Quia
1452 5123 1609 5183 sicut
1637 5141 1763 5182 non
1788 5121 1961 5182 decet
1981 5121 2080 5180 di·

522 5216 842 5277 vinitatem
886 5215 1122 5292 fallere,
1163 5219 1249 5277 ita
1293 5235 1407 5277 nec
1445 5218 1897 5276 inconstantem
1924 5232 2075 5274 esse.

521 5308 723 5385 Atque
749 5307 838 5366 ita
861 5307 1222 5387 impotentia
1248 5309 1496 5369 volendi
1520 5312 1738 5368 contra
1765 5308 2082 5367 decretum

524 5419 649 5461 non
683 5406 773 5460 est
818 5417 895 5459 ex
937 5402 1371 5479 prohibitione,
1421 5402 1526 5462 sed
1571 5420 1646 5462 ex
1691 5407 1916 5463 natura
1963 5400 2077 5476 rei,

523 5493 835 5580 proposito
858 5494 1098 5574 objecto
1117 5495 1186 5558 in
1211 5495 1323 5558 tali
1351 5502 1536 5560 statu.

1155 388 1271 441 LlB.
1306 390 1367 440 11.
1402 389 1483 440 DE
1516 390 1676 442 LEGE
1709 390 1993 451 AETERNA,
2029 389 2108 440 ΕΤ
2140 389 2474 454 NATURALI,
2506 390 2586 442 AC
2616 389 2768 441 mna
2800 388 3092 442 GENTan.

2240 490 2298 549 8.
2346 491 2663 551 Dictamon
2695 488 3030 565 practicam
3067 486 3182 548 Dei
3210 487 3277 548 de
3321 487 3569 566 aymdis
3603 505 3711 550 our

2157 600 2273 642 non
2296 582 2507 643 habeat
2534 582 2825 642 rationem
2847 580 2997 656 leqis
3018 585 3280 656 respectu
3300 579 3713 642 sui.—Altera

2156 692 2297 753 pars
2338 674 2616 741 minoris,
2648 689 2785 751 quae
2825 677 2958 730 erat
2984 670 3061 730 de
3088 669 3223 748 lege
3252 671 3541 746 naturali,
3573 690 3713 750 pro-

2157 766 2362 840 batur,
2415 766 2561 844 quia
2604 764 2747 824 licet
2783 763 3001 836 negari
3046 781 3171 822 non
3213 764 3405 843 possit
3449 765 3599 841 quin
3644 764 3712 823 in

2156 857 2475 918 intellectu
2529 857 2741 916 divino
2791 855 3005 916 ordine
3055 857 3309 917 rationis
3367 857 3714 934 praecedant

2157 949 2491 1011 dictamina
2509 950 2798 1028 practica,
2815 947 3038 1026 quibus
3051 948 3309 1025 judicat,
3331 949 3481 1027 quid
3504 949 3714 1008 deceat

2156 1060 2331 1102 suam
2362 1042 2723 1115 bonitatem,
2743 1040 3075 1118 justitiam,
3096 1046 3203 1101 aut
3230 1041 3618 1120 sapientiam,
3642 1047 3715 1100 ut

2158 1140 2300 1194 sunt
2326 1136 2480 1210 haec,
2504 1135 2928 1195 mentiendum
2954 1151 3078 1193 non
3093 1140 3204 1208 est,
3230 1133 3544 1212 implenda
3571 1140 3714 1193 sunt

2158 1229 2492 1307 promissa:
2526 1234 2735 1288 tamen
2767 1228 2875 1288 illa
2911 1247 3039 1288 non
3069 1231 3326 1306 possunt
3366 1226 3594 1286 habere
3619 1245 3714 1286 ra-

2158 1322 2392 1381 tionem
2411 1320 2564 1397 legis
2583 1326 2859 1399 respectu
2874 1320 3097 1380 divinas
3108 1317 3461 1379 voluntati&
3484 1319 3708 1394 Primo,

2159 1414 2307 1493 quia
2347 1431 2474 1473 non
2520 1419 2872 1492 proponunt
2895 1417 3272 1491 praeceptum
3299 1410 3571 1489 aliquod,
3603 1430 3715 1471 nec

2157 1508 2539 1568 voluntatem
2571 1507 2828 1584 alicujus
2860 1506 3181 1565 intimant:
3217 1505 3322 1564 sed
3350 1510 3590 1564 tantum
3623 1523 3715 1565 os-

2156 1602 2453 1676 tendunt,
2501 1601 2831 1661 indicando
2867 1601 3018 1679 quid
3056 1600 3145 1659 rei
3183 1605 3405 1658 natura
3451 1598 3710 1659 habeat:

2158 1696 2258 1756 lex
2285 1700 2495 1755 autem
2524 1700 2631 1754 aut
2663 1700 2754 1755 est
2779 1694 3088 1766 voluntaS,
3135 1698 3243 1752 aut
3268 1692 3578 1751 intimatio
3607 1709 3715 1751 vo-

2158 1788 2451 1848 luntatis:
2484 1805 2652 1864 ergo.
2689 1787 2990 1860 Secund0,
3017 1786 3164 1864 quia
3189 1786 3257 1845 in
3290 1786 3414 1844 Deo
3442 1803 3566 1843 non
3593 1783 3717 1843 dis-

2158 1882 2532 1958 tinguuntur
2570 1880 2639 1940 in
2684 1898 2751 1940 re
2799 1879 3084 1939 voluntas
3133 1882 3195 1937 et
3234 1878 3413 1949 rati0,
3467 1881 3714 1955 propter

2158 1974 2321 2052 quod
2370 1974 2527 2034 dixit
2570 1975 2639 2033 D.
2688 1972 2977 2046 ThomaS,
3012 1989 3073 2048 q.
3107 1971 3208 2044 93,
3259 1975 3377 2028 art.
3421 1970 3482 2043 4,
3532 1968 3610 2029 ad
3650 1972 3709 2044 1,

2158 2067 2542 2127 voluntatem
2588 2067 2698 2126 Dei
2740 2064 3082 2126 secundum
3122 2080 3186 2122 se
3231 2080 3360 2121 non
3391 2068 3557 2122 recte
3592 2060 3716 2122 dici

2158 2161 2588 2221 rationabilem
2613 2177 2629 2219 :
2661 2176 2806 2219 nam
2835 2158 3038 2238 potius
3064 2161 3156 2216 est
3181 2155 3314 2233 ipsa
3335 2155 3530 2215 ratio:
3560 2155 3714 2215 sicut

2158 2271 2306 2329 ergo
2351 2254 2508 2312 ratio
2550 2252 2659 2312 Dei
2699 2256 2930 2311 aeterna
2970 2267 3097 2309 non
3136 2253 3530 2308 mensuratur
3549 2247 3711 2324 lege,

2158 2346 2246 2405 ita
2275 2364 2389 2405 nec
2413 2345 2697 2405 voluntas
2729 2343 2915 2403 etiam
2956 2346 3142 2421 prout
3187 2339 3380 2400 libere
3421 2339 3578 2414 vult,
3608 2341 3713 2401 sed

2155 2457 2267 2517 per
2294 2456 2357 2497 se
2386 2443 2552 2497 recta
2581 2442 2693 2512 est,
2725 2443 3022 2515 tanquam
3064 2434 3326 2513 ipsamet
3350 2438 3521 2493 recta
3555 2434 3713 2494 ratio

2154 2548 2268 2609 per
2294 2530 2644 2589 essentiam.
2698 2531 2774 2588 Et
2818 2530 2905 2588 ita
2949 2532 3039 2586 est
3081 2524 3521 2602 intelligendus
3548 2525 3712 2585 idem

2155 2624 2224 2681 D.
2255 2623 2543 2697 ThomaS,
2577 2626 2603 2682 l
2638 2641 2728 2700 p.,
2759 2626 2972 2699 quaest.
3002 2621 3106 2694 21,
3137 2625 3257 2679 art.
3290 2622 3351 2692 1,
3382 2618 3461 2678 ad
3488 2620 3550 2692 2,
3574 2636 3713 2677 cum

2153 2715 2337 2775 dicit:
2383 2715 2765 2793 Impossibile
2784 2719 2868 2775 est
2897 2715 3086 2774 Deum
3113 2713 3257 2774 vello
3277 2713 3402 2772 nisi
3433 2712 3587 2789 quod
3601 2728 3711 2770 ra-

2156 2810 2239 2871 tio
2267 2827 2389 2870 suoe
2425 2808 2739 2885 sapientiae
2769 2807 2963 2880 habet,
3004 2824 3133 2884 quoe
3159 2805 3393 2883 quidem
3430 2809 3515 2864 est
3555 2804 3712 2865 sicut

2155 2901 2544 2979 Zexjuscitiae,
2566 2900 2880 2962 secundum
2899 2917 3076 2978 quam
3099 2899 3229 2974 ejus
3249 2898 3526 2958 voluntas
3549 2901 3710 2957 recta

2156 3000 2211 3056 et
2221 2995 2401 3072 justa
2425 2999 2528 3055 est.
2563 2992 2671 3052 Illa
2695 2992 2862 3053 enim
2886 2990 3184 3070 particula
3213 2991 3391 3063 siout,
3421 3007 3548 3048 non
3565 2988 3715 3048 dicit

2154 3087 2590 3168 proprietatem
2617 3086 2794 3163 legis,
2837 3083 2943 3145 sed
2972 3081 3323 3160 analogiam
3364 3087 3425 3142 et
3451 3098 3711 3161 propor-

2155 3181 2412 3254 tionem,
2453 3186 2515 3239 et
2541 3178 2620 3239 ad
2648 3178 2764 3238 hoc
2791 3176 3224 3257 explicandum
3257 3174 3503 3234 subdit:
3552 3176 3714 3237 Unde

2154 3274 2310 3351 quod
2350 3272 2664 3334 secundum
2703 3288 2877 3332 suam
2925 3269 3285 3330 voluntatem
3324 3267 3506 3343 facit,
3545 3267 3716 3344 jaste

2153 3367 2333 3441 facit,
2369 3366 2525 3427 sicut
2561 3371 2616 3425 et
2652 3383 2778 3434 nos,
2818 3364 2974 3442 quod
3010 3363 3322 3424 secundum
3348 3362 3531 3439 leqem
3556 3361 3715 3434 faci-

2155 3476 2309 3532 mus,
2340 3458 2510 3535 juste
2541 3457 2845 3533 facimus:
2878 3456 2981 3517 sed
3003 3471 3110 3515 nos
3139 3454 3373 3532 quidem
3401 3453 3714 3514 secundum

2157 3550 2338 3628 ἱερου»
2386 3549 2650 3627 alicujus
2698 3547 3031 3625 superioris
3073 3571 3095 3605 .·
3142 3546 3308 3607 Deus
3351 3550 3549 3607 autem
3595 3544 3714 3606 sibi

2156 3642 2281 3719 ipsi
2310 3647 2396 3703 ost
2427 3641 2544 3715 lex,
2577 3640 2640 3699 id
2663 3645 2778 3714 est,
2804 3658 2867 3700 se
2895 3640 3029 3717 ipso
3052 3642 3143 3698 est
3165 3643 3367 3697 rectus
3391 3637 3523 3696 sine
3549 3635 3709 3714 lege,

2156 3753 2226 3794 ac
2275 3734 2328 3794 si
2369 3734 2485 3793 sibi
2526 3732 2644 3812 ipsi
2692 3738 2847 3793 esset
2885 3732 3010 3792 lex.
3056 3730 3409 3790 Declaratur
3434 3729 3712 3802 tandem,

2156 3828 2301 3905 quia
2317 3826 2623 3904 judicium
2651 3824 2907 3885 rationis
2947 3825 3070 3883 Deo
3098 3822 3298 3882 solum
3324 3827 3416 3883 est
3443 3840 3715 3882 necessa-

2156 3922 2322 3980 rium
2367 3937 2443 3979 ex
2489 3937 2585 3992 ec,
2629 3918 2795 3996 quod
2841 3916 3000 3976 nihil
3044 3922 3244 3995 potest
3284 3934 3415 3976 esse
3454 3915 3715 3974 volitum

2155 4012 2308 4090 quin
2347 4010 2833 4089 praecognitum:
2865 4028 2991 4069 non
3022 4014 3233 4068 tamen
3270 4007 3459 4067 habet
3485 4025 3715 4067 munus

2155 4103 2332 4182 quasi
2360 4102 2698 4180 obligandi,
2712 4100 2812 4161 vel
2831 4100 3284 4161 determinandi
3306 4099 3712 4159 voluntatem:

2156 4196 2262 4257 sed
2288 4197 2421 4275 ipsa
2442 4195 2725 4255 voluntas
2742 4213 2853 4273 per
2868 4212 2931 4254 se
2955 4201 3046 4254 est
3066 4201 3237 4254 recta
3260 4200 3322 4253 et
3347 4193 3627 4265 honesta,
3655 4196 3718 4252 et

2158 4290 2297 4350 ideo
2333 4290 2646 4349 dictamen
2691 4288 2969 4362 rationiS,
3005 4289 3169 4366 quod
3205 4286 3574 4363 intelligitur
3619 4303 3718 4344 ra-

2156 4383 2325 4444 tione
2360 4382 2706 4461 praecedere
2741 4382 2807 4440 in
2835 4381 3170 4455 intellectu,
3219 4398 3345 4440 non
3379 4385 3577 4458 potest
3608 4378 3719 4437 ha-

2157 4475 2302 4536 bere
2330 4476 2635 4535 rationem
2681 4474 2944 4552 propriae
2980 4474 3134 4551 legis
3175 4477 3455 4551 respectu
3489 4470 3718 4529 divinae

2158 4567 2510 4627 voluntatis.
2552 4568 2762 4627 Dices:
2802 4568 2941 4626 Esto
2968 4583 3095 4625 non
3123 4566 3314 4644 possit
3337 4564 3458 4623 dici
3491 4564 3591 4623 lex
3615 4580 3720 4622 co-

2159 4679 2332 4739 genS,
2375 4659 2495 4720 dici
2533 4660 2761 4738 poterit
2804 4659 2903 4719 lex
2943 4659 3237 4735 dirigenS,
3281 4661 3344 4717 et
3387 4655 3719 4716 ostendens

2159 4752 2383 4830 objecti
2428 4752 2923 4812 convenientiam
2961 4750 3061 4810 vel
3111 4750 3518 4810 honestatem.
3570 4748 3721 4807 Res-

2159 4844 2400 4923 pondeo
2426 4845 2544 4904 hoc
2571 4862 2698 4903 non
2726 4843 2870 4903 satis
2896 4861 3025 4903 esse
3048 4842 3125 4902 ad
3155 4841 3359 4919 legem
3391 4839 3717 4911 moralem,

2159 4942 2231 4995 ut
2251 4954 2323 4996 ex
2355 4955 2539 5015 supra
2567 4936 2741 4996 dictis
2762 4940 2952 5014 patet,
2979 4941 3040 4994 et
3058 4935 3124 4994 in
3143 4933 3539 5013 sequentibus
3557 4931 3723 4991 circa

2159 5030 2359 5107 legem
2409 5029 2754 5089 naturalem
2795 5029 2994 5108 magis
3038 5028 3472 5108 explicabitur:
3526 5030 3722 5086 meta-

2159 5123 2414 5202 phorica
2467 5129 2675 5183 autem
2716 5124 2941 5183 locutio
2987 5142 3115 5185 non
3166 5129 3258 5184 est
3308 5119 3717 5194 admittenda,

2160 5216 2281 5275 nisi
2304 5216 2382 5275 sit
2408 5216 2656 5291 usitata,
2678 5221 2746 5275 ut
2777 5222 3034 5276 constat.

2240 5310 2300 5369 9.
2349 5307 2627 5371 Secunda
2667 5309 2942 5370 assertio.
2975 5342 3058 5353 —
3082 5309 3206 5370 Lex
3248 5314 3474 5370 (eterna
3526 5312 3725 5386 potest

2164 5401 2288 5463 dici
2333 5401 2427 5462 lex
2474 5401 2760 5479 operandi
2816 5407 3084 5480 respectu
3118 5420 3323 5465 rerum
3361 5402 3726 5480 qubmata-

2160 5511 2322 5570 rum,
2336 5511 2455 5557 non
2471 5494 2987 5575 ‘compet—Dico
3003 5494 3269 5558 secundo
3288 5510 3305 5556 ε
3321 5495 3446 5557 Lex
3462 5499 3720 5570 aeterna,
