3976 6219
488 605 1062 687 comprehendatur.
1101 605 1272 677 Quod
1293 604 1346 664 si
1373 604 1614 666 dicatur
1640 603 1710 662 in
1736 600 1852 662 hac
1892 598 2052 659 mix-
2129 594 2405 656 favorem
2438 589 2739 662 continet,
2765 584 2870 645 lex
2897 579 3018 644 erit
3043 579 3421 654 favorabilia,
3457 574 3720 639 etiamsi

486 700 656 761 tione
682 717 860 779 posse
889 717 966 760 ex
1001 697 1298 758 alterutra
1323 703 1497 777 parte
1542 713 1672 757 esse
1711 709 2050 767 excessum,
2132 687 2446 766 legislator
2473 682 2643 745 aliud
2664 677 2969 753 intendat,
2991 680 3056 737 et
3074 693 3109 736 e
3132 671 3463 735 contrario.
3491 672 3719 750 Neque

488 796 551 853 et
572 792 912 853 secundum
932 807 1246 852 excessum
1259 788 1514 850 alterius
1529 788 1721 869 partis
1733 788 1840 848 illa
1857 803 2055 848 mem-

490 884 602 945 bra
647 883 945 962 distingui
965 928 986 957 ,
1022 888 1175 944 tunc
1223 882 1660 943 difficillimum
1703 880 1822 941 erit
1867 878 2059 939 talem

2136 780 2306 842 enim
2359 775 2624 840 intentio
2672 768 3045 851 legislatoris
3097 767 3298 828 facere
3347 769 3582 846 potest,
3642 767 3728 820 ut

2137 872 2305 954 quod
2328 874 2544 950 suapte
2571 871 2799 928 natura
2822 863 3109 926 odiosum
3126 864 3219 922 031
3245 858 3324 919 311
3342 854 3722 929 favorabile,

490 994 805 1039 excessum
833 975 1183 1056 expendere
1196 980 1261 1037 et
1283 975 1616 1051 declarare,
1642 972 1870 1053 vixque
1888 975 2057 1051 pote-
2135 965 2238 1028 vcl
2263 971 2335 1026 ut
2357 962 2524 1044 quod
2543 956 2882 1022 favorabile
2901 959 2995 1017 est
3013 954 3095 1015 sit
3119 951 3426 1025 odiosum,
3453 954 3527 1009 ut
3543 952 3727 1009 recte

491 1075 643 1130 runt
690 1069 984 1149 applicari
1038 1067 1272 1148 regulae
1316 1086 1456 1149 quae
1505 1066 1583 1128 de
1625 1064 1941 1127 favoribus
1997 1070 2067 1142 et.

494 1161 651 1222 odiis
673 1161 740 1221 in
762 1161 903 1239 jure
933 1159 1288 1221 traduntur.

573 1255 636 1315 4.
681 1254 907 1316 Prima
949 1254 1264 1328 sententia,
1304 1270 1377 1315 em
1416 1252 1538 1330 fine
1560 1250 1962 1331 judicandum
1995 1248 2064 1310 de

494 1347 795 1426 leffe—In
814 1344 1181 1425 explicanda
1197 1344 1386 1424 igitur
1400 1344 1793 1405 distinctione
1811 1342 2062 1402 illorum

495 1439 942 1515 membrorum,
973 1438 1161 1499 variae
1192 1438 1512 1499 sententiae
1538 1436 1758 1498 referri
1780 1439 2058 1516 possunt,

497 1531 574 1593 de
597 1532 823 1612 quibus
843 1530 1041 1592 videri
1062 1535 1264 1610 potest
1286 1531 1616 1592 Sarmient.
1640 1529 1749 1590 lib.
1781 1532 1812 1588 1
1841 1527 2058 1589 Select.

497 1643 632 1705 cap.
666 1626 762 1686 12.
799 1624 1007 1685 Prima
1042 1628 1155 1699 est,
1187 1641 1265 1684 ex
1306 1622 1430 1683 fine
1462 1623 1616 1702 legis
1656 1621 2064 1700 judicandum

498 1735 627 1779 esse
671 1736 754 1778 an
784 1716 885 1778 lex
930 1717 1009 1778 sit
1052 1715 1409 1777 favorabilis
1440 1716 1542 1776 vel
1568 1715 1798 1775 odiosa.
1827 1716 1982 1775 Nam
2013 1713 2066 1773 si

496 1809 601 1872 lex
629 1809 898 1871 intendit
922 1809 1199 1871 favorem
1227 1826 1338 1870 seu
1367 1808 1602 1869 bonum
1635 1807 1888 1887 aliquod
1921 1824 2067 1867 con-

499 1902 683 1977 ferre,
707 1902 1058 1963 favorabilis
1081 1908 1194 1978 est,
1222 1902 1522 1982 quidquid
1545 1920 1622 1963 ex
1652 1920 1726 1962 ea
1747 1905 2064 1979 sequaturj,

502 1995 555 2056 si
586 2012 734 2056 vero
773 1993 1042 2055 intendit
1065 1993 1294 2054 inferre
1325 1994 1582 2069 malum,
1615 2012 1722 2055 seu
1764 2010 1923 2053 onus
1951 1992 2069 2051 im-

502 2105 757 2167 ponere,
786 2088 903 2148 erit
943 2087 1154 2148 odiosa
1170 2132 1191 2162 ,
1227 2086 1471 2148 etiamsi
1511 2087 1688 2149 favor
1728 2085 1949 2165 aliquis
1976 2101 2069 2145 se-

502 2185 746 2260 quatur.
768 2181 896 2241 Hac
920 2179 1134 2258 regula
1159 2185 1424 2240 utuntur
1442 2179 1820 2259 jurisperiti3
1846 2177 2072 2238 citatur

503 2271 663 2334 GloS.
710 2271 779 2332 in
824 2289 959 2351 cap.
993 2271 1077 2335 Si
1104 2278 1372 2351 propter,
1403 2272 1479 2333 de
1511 2271 1839 2351 Rescript.,
1880 2271 1949 2331 in
1994 2271 2069 2346 63

504 2365 614 2427 illa
647 2383 794 2427 vero
834 2364 1036 2425 solum
1075 2364 1144 2425 in
1182 2364 1355 2426 verb.
1390 2365 1779 2441 Intentionis,
1810 2363 2076 2425 advertit

506 2459 576 2519 in
603 2458 847 2537 legibus
875 2457 953 2518 ad
981 2458 1393 2519 intentionem
1415 2457 1739 2519 scribentis
1761 2473 2076 2518 recurren-

510 2554 662 2614 dum
689 2570 842 2613 esse.
875 2552 1110 2612 Citatur
1150 2551 1339 2611 etiam
1367 2550 1530 2611 Glos.
1571 2550 1744 2612 verb.
1778 2549 1978 2615 Alios.
2010 2549 2079 2609 in

512 2665 645 2726 cap.
673 2646 894 2710 Sciant
913 2645 1131 2720 cuncti,
1155 2643 1233 2706 de
1250 2643 1468 2720 Elect.,
1497 2643 1566 2704 in
1584 2645 1646 2720 6,
1668 2648 1969 2723 quatenus
1988 2640 2080 2700 di-

518 2740 604 2800 cit
625 2739 827 2817 legem
858 2736 1025 2798 illius
1046 2740 1249 2797 textus
1281 2752 1410 2796 esse
1441 2734 1865 2809 favorabilem,
1890 2749 2080 2813 quam

517 2831 609 2891 ibi
646 2830 942 2891 Dominio.
992 2834 1055 2889 et
1100 2828 1208 2888 alii
1243 2832 1622 2907 sequuntur,
1675 2832 1737 2888 et
1781 2826 1851 2886 in
1894 2824 2083 2885 simili

522 2925 860 2985 Panormit.
890 2923 960 2983 in
1000 2939 1137 3002 cap.
1167 2921 1244 2986 N
1241 2940 1314 2983 on
1353 2921 1619 2997 dubium,
1660 2920 1736 2981 de
1765 2920 1933 2980 Sent.
1965 2919 2086 2978 Ex-

522 3035 682 3079 com.
689 3063 710 3093 ,
740 3036 807 3077 n.
839 3018 901 3091 3,
929 3015 1040 3075 ubi
1067 3013 1290 3089 Felin„
1320 3031 1386 3073 n.
1414 3015 1476 3088 Ξ,
1506 3012 1672 3074 idem
1698 3013 1908 3088 sentit,
1939 3011 2087 3091 quia

519 3114 589 3176 in
629 3112 790 3175 omni
832 3108 1220 3189 dispositione
1262 3106 1508 3186 (inquit)
1553 3107 1888 3170 attenditur
1930 3104 2090 3186 quod

518 3204 950 3285 principaliter
973 3202 1208 3282 aqitm,
1238 3199 1283 3260 1.
1312 3199 1395 3263 Si
1422 3199 1561 3279 quis
1586 3217 1690 3263 nee
1716 3216 1982 3275 eausam,
2014 3197 2081 3258 ff.

523 3298 590 3359 Si
612 3303 852 3360 certum
878 3299 1145 3375 petatur.
1171 3291 1406 3354 Clarius
1425 3292 1763 3354 Panormit.
1791 3292 1860 3352 in
1888 3309 2023 3371 cap.
2051 3292 2082 3351 1

525 3390 604 3452 (10
649 3392 894 3465 Locato,
938 3406 1004 3448 n.
1055 3386 1155 3447 10.
1190 3386 1344 3446 Item
1375 3385 1626 3460 Navar.,
1670 3402 1839 3445 cons.
1889 3388 1959 3445 11
2013 3384 2090 3445 (10

526 3483 776 3544 Constit.
809 3488 872 3542 et
900 3496 1069 3540 cons,
1102 3477 1204 3552 31,
1230 3475 1382 3537 alias
1405 3477 1483 3536 32
1509 3475 1586 3536 de
1618 3475 1867 3554 Regul.;
1891 3476 2087 3551 Bart„

528 3573 700 3635 Bald.
708 3618 730 3649 ,
760 3570 1062 3632 Alexand.
1103 3578 1166 3629 et
1197 3567 1326 3643 alii,
1363 3584 1515 3646 quos
1542 3566 1731 3628 refert
1773 3565 1979 3647 Tiraq.
2023 3568 2092 3628 in

528 3665 769 3729 Praefat.
800 3664 879 3724 ad
908 3663 1206 3735 Retract.,
1236 3678 1303 3720 n.
1336 3660 1416 3719 56
1442 3664 1505 3720 et
1531 3660 1633 3735 65,
1655 3663 1719 3719 et
1737 3664 1918 3721 tract.
1953 3662 1981 3719 1
2015 3658 2092 3721 de

528 3759 831 3831 Retract.,
862 3754 898 3834 ξ
932 3755 1010 3814 30
1022 3775 1041 3828 3
1073 3751 1237 3813 Glos.
1279 3755 1338 3827 1,
1369 3768 1436 3811 11.
1475 3753 1536 3826 5,
1567 3750 1676 3810 11111
1718 3752 1907 3812 etiam
1936 3770 2093 3813 non-

529 3849 707 3912 nulla
730 3847 981 3910 adducit
1002 3846 1146 3926 jura
1172 3862 1249 3906 ex
1277 3842 1504 3923 quibus
1530 3843 1595 3904 id
1624 3844 1833 3923 colligi
1858 3850 2061 3926 potest
2069 3861 2091 3924 ;

532 3952 594 4007 et
615 3944 766 4006 facit
791 3943 979 4006 etiam
1007 3958 1141 4019 cap.
1168 3941 1230 4015 2,
1260 3937 1298 4018 ξ
1327 3940 1358 3999 1
1394 3937 1469 3999 (10
1499 3938 1757 4014 Decim.,
1782 3939 1851 3999 in
1880 3941 1940 4001 6.
1972 3940 2091 4001 Ra-

530 4040 699 4100 tione
734 4036 887 4098 item
931 4032 1174 4097 suaderi
1200 4036 1422 4111 potest,
1462 4036 1601 4091 tum
1632 4031 1778 4111 quia
1817 4030 1961 4093 finis
2000 4038 2093 4094 est

530 4130 642 4212 qui
684 4130 795 4191 dat
837 4126 1104 4208 speciem
1148 4123 1385 4185 actibus
1425 4123 1738 4200 humaniS,
1777 4130 1839 4185 et
1878 4142 2093 4187 conse-

530 4228 794 4304 quenter
835 4221 1024 4282 etiam
1078 4216 1482 4298 proprietates
1522 4234 1538 4278 1
1586 4233 1734 4295 ergo
1793 4216 1982 4278 etiam
2026 4217 2097 4278 in

530 4316 770 4397 legibus
808 4312 950 4375 finis
975 4316 1066 4374 est
1096 4310 1399 4390 proecipue
1439 4309 1872 4384 attendenduS,
1902 4314 1973 4369 ut
1992 4309 2097 4388 ju-

532 4411 771 4471 dicetur
797 4425 878 4468 an
909 4405 1013 4467 lex
1050 4404 1131 4465 sit
1155 4402 1529 4478 favorabilis,
1558 4400 1658 4462 vel
1687 4400 1926 4476 odiosa3
1960 4405 2099 4462 tum

533 4503 725 4565 etiam
760 4499 908 4578 quia
952 4498 1019 4559 id
1064 4496 1230 4576 quod
1275 4500 1368 4557 est
1401 4512 1510 4573 per
1554 4511 1641 4570 se,
1684 4492 2013 4572 praefertur
2040 4493 2099 4554 ei

533 4592 701 4673 quod
728 4597 820 4652 est
846 4609 956 4670 per
994 4588 1277 4651 accidens
1288 4603 1310 4665 3
1340 4592 1405 4648 at
1430 4586 1533 4647 lex
1571 4586 1900 4647 intendens
1925 4585 2100 4647 favo-

534 4703 669 4746 rem
710 4701 822 4763 per
868 4700 933 4743 se
978 4678 1333 4742 favorabilis
1378 4684 1508 4740 est:
1553 4695 1701 4758 ergo
1743 4678 2101 4758 simpliciter

535 4778 692 4838 talis
713 4781 826 4852 est,
856 4775 1001 4836 licet
1033 4790 1110 4833 ex
1136 4770 1440 4833 accidenti
1476 4770 1705 4832 inferat
1736 4788 2096 4849 gravamen.

620 4873 679 4933 5.
724 4871 1168 4931 Verumtamen
1206 4865 1340 4926 haec
1373 4864 1701 4941 sententia,
1734 4864 1857 4925 nisi
1890 4864 2102 4945 aliquo

539 4964 725 5026 modo
751 4961 1052 5023 limitetur
1068 4964 1178 5020 aut
1200 4956 1560 5037 explicetur,
1581 4975 1709 5018 non
1736 4961 1938 5037 potest
1958 4958 2106 5017 sim-

538 5056 778 5137 pliciter
804 5052 1150 5134 approbari.
1179 5050 1408 5126 Primo,
1435 5049 1514 5110 ob
1542 5049 1898 5128 generalem
1919 5050 2109 5111 ratio-

541 5167 711 5224 nem,
741 5147 906 5229 quod
937 5146 1277 5226 proprietas
1303 5142 1458 5222 legis
1485 5142 1686 5221 magis
1718 5148 1810 5204 est
1836 5148 2109 5222 spectata

542 5260 621 5303 ex
665 5241 1000 5302 intrinseca
1038 5237 1322 5313 materia,
1369 5242 1432 5298 et
1473 5236 1648 5316 quasi
1693 5241 1920 5297 natura
1963 5236 2106 5297 talis

542 5334 722 5411 legia,
752 5351 940 5411 quam
974 5350 1048 5392 ex
1076 5329 1422 5392 intentione
1447 5328 1743 5390 ferentis:
1782 5329 1931 5409 quia
1961 5329 2105 5389 talis

541 5426 807 5487 intentio
846 5424 1188 5485 extrinseca
1229 5428 1341 5498 est,
1372 5429 1435 5483 et
1473 5439 1601 5483 non
1627 5427 1826 5502 potest
1866 5428 2106 5483 mutare

544 5518 986 5601 proprietatem
1009 5516 1339 5577 intrinsece
1360 5514 1768 5579 inhaerentem
1794 5514 1921 5596 legi
1941 5533 2018 5579 ex
2043 5515 2109 5576 vi

2139 1058 2289 1120 dicit
2324 1059 2532 1136 Tiraq.
2576 1056 2646 1115 in
2680 1051 2844 1112 dicta
2888 1047 3061 1129 praef.
3070 1093 3091 1124 ,
3135 1065 3201 1108 n.
3252 1045 3355 1105 67.
3399 1041 3721 1115 Secundo,

2140 1153 2290 1234 quia
2330 1151 2431 1213 vel
2462 1155 2554 1212 est
2603 1164 2806 1209 sermo
2843 1145 2921 1205 de
2953 1141 3299 1203 intentione
3327 1137 3471 1197 finis
3506 1133 3730 1196 ultimi

2142 1265 2251 1309 seu
2276 1243 2522 1319 remoti,
2539 1246 2650 1303 aut
2666 1236 2935 1320 proximi
2938 1252 2958 1314 ;
2981 1238 3206 1295 neutra
3222 1235 3433 1293 autem
3450 1226 3719 1302 sufficit3

2143 1357 2312 1418 ergo.
2337 1339 2422 1398 De
2443 1334 2636 1416 priori
2661 1336 2833 1413 patet
2850 1348 2929 1392 ex
2946 1328 3186 1389 ratione
3218 1320 3541 1384 dubitandi
3565 1337 3724 1400 pro-

2144 1431 2364 1512 posita,
2390 1428 2538 1508 quia
2564 1427 2653 1488 sic
2678 1424 2881 1487 omnis
2905 1421 3009 1483 lex
3038 1424 3131 1482 est
3155 1413 3532 1488 favorabilis,
3562 1412 3726 1492 quia

2142 1542 2255 1605 per
2266 1538 2519 1585 omnem
2532 1520 2736 1598 legem
2747 1513 3095 1577 intenditur
3108 1525 3438 1572 commune
3450 1506 3719 1578 bonum,

2144 1618 2297 1679 alias
2333 1614 2504 1677 enim
2544 1629 2674 1673 non
2715 1609 2835 1672 erit
2880 1608 3089 1687 justa3
3126 1616 3455 1664 commune
3505 1602 3724 1659 autem

2144 1711 2381 1772 bonum
2401 1703 2739 1768 favorabile
2762 1707 2876 1764 est.
2899 1702 3054 1760 Item
3076 1696 3224 1776 quia
3243 1694 3345 1755 lex
3365 1711 3497 1754 non
3519 1694 3725 1770 potest

2147 1821 2279 1866 esse
2308 1802 2398 1862 ita
2428 1799 2659 1873 odiosa,
2689 1801 2761 1856 ut
2790 1795 2859 1854 in
2886 1791 3026 1852 odio
3059 1789 3255 1864 sistat,
3287 1786 3407 1846 nisi
3437 1784 3599 1845 forte
3627 1782 3724 1842 fe-

2146 1902 2320 1958 ratur
2365 1896 2434 1955 in
2472 1892 2689 1955 odium
2733 1887 2995 1965 alicujus
3041 1882 3203 1958 vitii,
3247 1898 3372 1961 quo
3394 1897 3527 1959 ,per
3561 1896 3629 1938 se
3661 1883 3726 1938 et

2148 1990 2425 2052 absolute
2458 1987 2720 2064 dignum
2748 1986 2862 2056 est,
2892 1985 2956 2040 et
2980 1977 3121 2038 ideo
3152 1974 3274 2035 tale
3309 1972 3527 2034 odium
3555 1971 3726 2031 inter

2150 2084 2392 2144 favores
2446 2074 2932 2157 computandum
2986 2075 3098 2131 est.
3152 2069 3241 2128 Eo
3293 2066 3394 2127 vel
3447 2063 3726 2124 maxime

2152 2176 2317 2256 quod
2340 2193 2450 2253 per
2481 2191 2545 2233 se
2567 2169 2833 2231 refertur
2853 2166 2923 2226 in
2949 2179 3227 2225 amorem
3253 2159 3530 2233 virtutiS,
3550 2156 3726 2217 etita

2155 2287 2233 2330 ex
2261 2268 2387 2329 fine
2418 2268 2658 2327 remoto
2699 2257 3038 2322 favorabile
3084 2260 3199 2317 est.
3230 2255 3536 2332 Respectu
3578 2266 3728 2310 vero

2153 2376 2563 2442 personarum
2613 2370 2942 2435 nunquam
2990 2350 3093 2411 lex
3142 2345 3412 2409 intendit
3459 2342 3726 2416 malum,

2158 2455 2277 2516 nisi
2305 2459 2554 2534 propter
2576 2450 2781 2528 majus
2806 2447 3069 2508 bonum.
3094 2443 3256 2520 Ergo
3282 2439 3336 2500 si
3353 2437 3500 2499 finis
3528 2453 3733 2497 remo—

2156 2554 2258 2609 tus
2289 2546 2516 2608 sufficit
2548 2550 2620 2605 ut
2664 2543 2767 2603 lex
2807 2541 2886 2601 sit
2930 2533 3307 2606 favorabilia,
3351 2530 3559 2592 omnis
3603 2527 3729 2602 lex,

2159 2639 2560 2721 quantumvis
2588 2635 2796 2715 gravis
2821 2631 2923 2693 vel
2954 2627 3247 2710 poenalis,
3278 2624 3399 2687 erit
3423 2620 3736 2684 favorabi-

2160 2734 2261 2809 113,
2287 2734 2339 2795 31
2359 2734 2528 2813 ¹justa
2555 2731 2671 2792 sit:
2701 2729 2821 2789 hoc
2847 2728 3059 2787 autem
3086 2726 3178 2784 est
3204 2724 3420 2780 contra
3449 2733 3737 2777 commn-

2162 2844 2309 2888 nem
2350 2825 2637 2887 omnium
2662 2837 2934 2894 sensum,
2965 2826 3041 2878 et·
3059 2818 3272 2876 contra
3296 2809 3610 2891 principia
3628 2808 3735 2885 ju-

2162 2919 2270 2981 ris.
2294 2919 2359 2980 Si
2387 2922 2597 2978 autem
2619 2915 2700 2975 sit
2716 2929 2918 2974 sermo
2935 2910 3013 2971 de
3033 2908 3159 2969 fine
3184 2904 3467 2986 proximo
3490 2903 3735 2962 intento

2164 3030 2205 3073 a
2229 3010 2602 3091 legislatore,
2624 3010 2864 3069 constat
2884 3003 3064 3063 illum
3085 3016 3215 3060 non
3243 2997 3390 3058 satis
3415 3013 3579 3069 esse,
3604 3010 3738 3053 non

2168 3104 2367 3166 solum
2394 3099 2644 3184 quando
2670 3098 2777 3162 ille
2801 3095 2945 3159 finis
2970 3099 3062 3157 est
3083 3090 3461 3156 extrinsecus
3487 3090 3550 3149 et
3575 3086 3741 3148 acci-

2167 3196 2505 3273 dentariuS,
2524 3201 2596 3257 ut
2612 3193 2835 3274 probat
2852 3190 3023 3272 prior
3037 3187 3197 3249 ratio
3212 3185 3400 3260 facta,
3415 3181 3526 3244 sed
3543 3180 3741 3243 etiam

2169 3289 2220 3352 si
2263 3291 2548 3353 videatur
2591 3287 2984 3361 intrinsecus,
3035 3280 3184 3361 quia
3232 3281 3432 3358 potest
3479 3274 3738 3336 aliunde

2169 3384 2337 3444 vinci
2365 3401 2437 3443 ac
2472 3379 2769 3461 superari.
2800 3375 2976 3451 Quod
3012 3378 3182 3454 patet
3211 3368 3533 3449 exemplis.
3575 3368 3738 3429 Nam

2169 3475 2527 3556 dispensans
2555 3473 2838 3555 proxime
2874 3467 3146 3530 intendit
3184 3462 3517 3526 concedam
3556 3460 3739 3522 favo-

2170 3586 2328 3644 rem,
2360 3574 2424 3630 et
2449 3573 2659 3630 tamen
2689 3562 3063 3644 dispensatio
3097 3577 3227 3620 non
3253 3562 3539 3619 censetur
3566 3554 3742 3616 favo-

2171 3661 2410 3737 rabilis,
2452 3660 2558 3721 sed
2588 3659 2822 3724 odiosa.
2864 3662 2937 3716 ut
2965 3652 3132 3714 infra
3160 3649 3543 3726 videbimus;
3589 3664 3740 3726 ergo

2171 3754 2339 3815 idem
2357 3771 2486 3815 esse
2503 3752 2730 3832 poterit
2747 3751 2812 3811 in
2831 3749 2991 3827 lege.
3013 3748 3090 3807 Et
3107 3764 3147 3806 a
3162 3743 3471 3805 contrario
3491 3741 3743 3821 quando

2172 3845 2486 3925 legislator
2512 3844 2700 3906 infert
2722 3857 3084 3922 gravamen,
3110 3843 3184 3898 ut
3208 3854 3321 3918 per
3344 3834 3503 3895 illud
3533 3833 3744 3895 obviet

2175 3940 2297 4018 maj
2305 3938 2399 4000 ori
2430 3940 2825 4011 nocumento,
2856 3930 3169 4012 dispositio
3209 3930 3342 4009 ejus
3374 3945 3505 3988 non
3535 3943 3747 3986 cense-

2172 4038 2277 4093 tur
2318 4032 2550 4107 odiosa,
2590 4028 2699 4091 sed
2736 4025 3116 4100 favorabilis,
3155 4025 3338 4103 juxta
3374 4038 3513 4100 cap.
3542 4021 3611 4094 2,
3640 4018 3679 4098 g
3705 4020 3746 4078 Ξ

2175 4125 2253 4186 (10
2279 4124 2538 4199 Βο01111.,
2568 4123 2637 4183 111
2664 4123 2723 4184 6.
2756 4122 2849 4181 Ex
2880 4136 3003 4199 quo
3029 4116 3333 4198 principio
3373 4112 3558 4175 multi
3587 4113 3746 4174 exis-

2175 4217 2404 4291 timant
2444 4214 2908 4295 dispositionem
2952 4228 3085 4291 cap.
3131 4208 3216 4273 Si
3255 4208 3395 4288 quis
3433 4206 3743 4280 mdeste,

2177 4327 2306 4372 esse
2352 4306 2778 4382 favorabilem,
2816 4305 2960 4366 licet
3004 4301 3285 4383 proxime
3329 4300 3497 4360 facta
3536 4298 3620 4359 sit
3665 4296 3743 4357 ad

2179 4419 2434 4482 gravem
2462 4417 2782 4462 censuram
2810 4394 3291 4477 imponendam3
3320 4409 3472 4471 ergo
3499 4409 3579 4452 ex
3616 4389 3745 4452 solo

2178 4495 2303 4556 fine
2330 4494 2610 4574 proximo
2640 4489 3007 4571 legislatoris
3023 4505 3153 4549 non
3169 4491 3373 4567 potest
3390 4484 3559 4546 sumi
3582 4489 3750 4545 certa

2176 4586 2394 4666 regula
2422 4587 2492 4647 in
2521 4586 2638 4647 hac
2669 4583 2949 4644 materia.

2260 4681 2322 4740 6.
2365 4680 2476 4741 Ea>
2524 4677 2856 4741 intrinseca
2903 4673 3165 4739 musteo-ia
3210 4671 3559 4737 sumendam
3606 4686 3750 4748 pro-

2174 4772 2517 4853 prietatem,
2548 4771 2752 4833 odiosa
2780 4774 2887 4832 aut
2906 4767 3292 4846 favorabilis.
3326 4799 3407 4811 —-
3430 4762 3567 4824 Dici
3597 4778 3751 4840 ergo

2181 4870 2383 4946 potest
2428 4864 2596 4943 leges
2644 4862 3046 4924 favorabilem
3092 4865 3155 4921 et
3206 4858 3484 4919 odiosam
3530 4854 3752 4915 distin-

2186 4956 2461 5036 guendas
2487 4972 2616 5018 esse
2644 4973 2723 5016 ex
2748 4953 3007 5015 materia
3026 4997 3047 5028 ,
3094 4952 3185 5013 ita
3214 4957 3289 5011 ut
3312 4949 3421 5010 illa
3446 4947 3551 5010 lex
3575 4946 3754 5006 favo-

2186 5049 2400 5111 rabilis
2441 5049 2521 5110 sit
2569 5065 2706 5128 quae
2744 5047 3023 5108 favorem
3073 5043 3359 5106 concedit
3378 5088 3399 5119 ,
3447 5040 3557 5102 illa
3601 5055 3755 5099 vero

2187 5143 2400 5204 odiosa
2417 5158 2554 5222 qnae
2577 5157 2846 5220 poenam,
2872 5137 3159 5219 veljaliud
3178 5137 3379 5198 simile
3407 5149 3759 5214 gravamen

2185 5235 2398 5298 infert.
2448 5235 2594 5307 Quae
2641 5232 2860 5311 regula
2908 5231 3028 5292 erit
3071 5229 3407 5292 certissima
3433 5271 3454 5302 ,
3500 5224 3761 5304 quando

2187 5329 2450 5390 materia
2473 5327 2630 5405 legis
2656 5326 2799 5388 talis
2820 5331 2935 5401 est,
2966 5330 3038 5384 ut
3060 5324 3155 5385 vel
3184 5339 3414 5402 purum
3441 5319 3759 5391 favorem,

2185 5423 2287 5485 vel
2328 5439 2558 5503 purum
2603 5437 2941 5500 gravamen
2982 5417 3294 5479 contineat
3319 5461 3338 5492 ,
3385 5430 3514 5475 non
3551 5410 3764 5472 solum

2187 5515 2417 5579 directe
2440 5520 2503 5577 et
2533 5532 2645 5595 per
2671 5531 2760 5590 se,
2801 5512 2908 5575 sed
2941 5512 3133 5575 etiam
3162 5509 3460 5570 indirecte
3492 5523 3608 5567 seu
3645 5521 3766 5584 per
