3976 6219
718 427 853 480 GAP.
885 427 1036 479 xvu.
1072 424 1322 488 QUANDO
1353 428 1435 480 ET
1456 425 1750 490 QUOMODO
1782 424 2052 477 INCIPIAT
2075 424 2381 479 OBLIGARE
2412 426 2536 479 LEX
2563 427 2800 491 CIVILIS,
2824 428 2959 480 ETc.

243 526 585 605 divulgatio
613 532 751 607 post
778 526 1373 606 promulgationem3
1414 546 1582 607 erg0,
1614 544 1809 606 quan-

243 628 645 699 tumcumque
665 620 816 681 velit
832 618 1145 696 legislator
1168 622 1375 681 statim
1396 640 1433 682 a
1454 620 1808 701 promulga-

243 715 410 775 tione
437 732 653 773 omnes
667 713 941 774 subditos
961 712 1257 792 obligare,
1272 733 1400 775 non
1414 721 1635 795 potest,
1661 715 1808 793 quia

242 814 550 888 repugnat
586 807 859 867 naturali
883 807 1031 887 juri.
1068 808 1388 880 Quomodo
1425 810 1593 869 enim
1625 807 1805 868 intel·

241 900 353 978 ligi
394 907 594 979 potest
636 907 705 960 ut
755 901 855 960 lex
901 900 1083 961 hodie
1130 901 1524 979 promulgata
1574 901 1805 961 Matriti

239 993 420 1053 hodie
470 994 660 1055 etiam
702 992 934 1071 obliget
965 992 1314 1053 habitantes
1355 993 1803 1055 Conimbricae‘l

247 1084 433 1145 Plane
458 1086 523 1146 id
546 1085 793 1147 videtur
822 1104 1008 1164 supra
1038 1085 1380 1147 humanam
1412 1092 1799 1166 potestatem,

238 1179 387 1256 quia
427 1196 540 1258 per
589 1197 653 1239 se
692 1184 784 1239 est
815 1178 1228 1258 impossibile,
1279 1184 1341 1240 et
1385 1198 1513 1240 non
1557 1184 1805 1239 tantum

238 1289 351 1350 per
376 1272 679 1349 accidens,
703 1271 1001 1352 consequi
1034 1272 1251 1334 eadem
1278 1271 1378 1334 die
1395 1272 1685 1334 notitiam
1711 1278 1804 1333 ta-

240 1362 317 1424 lis
346 1363 521 1443 legis.

320 1459 381 1517 4.
404 1455 817 1519 confirmatur
835 1457 1125 1532 secundo,
1146 1457 1292 1537 quia
1315 1456 1528 1519 eadem
1551 1463 1642 1519 est
1661 1475 1802 1539 pro-

241 1551 444 1631 portio
462 1551 618 1629 legis
642 1551 721 1612 ad
747 1551 1256 1612 communitatem
1284 1553 1467 1612 unius
1492 1551 1704 1632 populi
1733 1552 1800 1612 in

239 1661 365 1723 quo
391 1643 844 1723 promulgatur,
872 1662 1008 1723 quae
1040 1651 1131 1705 est
1160 1645 1236 1706 ad
1285 1650 1477 1706 totam
1525 1661 1799 1707 commu-

245 1736 506 1798 nitatem
527 1737 727 1816 regni,
759 1736 859 1798 vel
882 1737 1253 1818 populorum
1285 1738 1473 1799 totius
1503 1738 1801 1799 territorii

245 1846 360 1908 pro
389 1848 513 1908 quo
537 1829 963 1910 promulgatur
985 1853 1002 1906 ;
1030 1831 1158 1907 sed,
1191 1831 1244 1891 si
1260 1831 1362 1893 lex
1377 1831 1446 1892 in
1467 1831 1584 1892 hoc
1604 1848 1799 1911 popu-

240 1920 302 1981 lo
337 1921 628 2001 privatim
664 1923 765 1985 vel
817 1922 1118 1985 submissa
1166 1942 1317 1986 voce
1360 1924 1707 2004 proferatur
1731 1924 1800 1984 in

238 2012 384 2076 aula
430 2016 618 2093 regis,
648 2034 774 2076 non
822 2022 1023 2097 potest
1050 2016 1279 2079 habere
1314 2018 1445 2078 vim
1486 2015 1800 2095 obligandi

242 2107 757 2169 communitatem
785 2110 976 2169 totius
1001 2109 1240 2189 populi,
1268 2111 1417 2189 quia
1441 2128 1569 2171 non
1596 2116 1688 2171 est
1715 2110 1803 2169 ita

240 2198 618 2261 sensibiliter
648 2200 909 2280 prolata,
953 2206 1024 2263 ut
1067 2202 1147 2262 sit
1181 2203 1640 2263 accommodata
1686 2202 1803 2263 toti

237 2293 679 2355 communitati
705 2293 845 2355 talis
875 2294 1118 2374 populi;
1150 2311 1297 2373 ergo
1325 2295 1630 2369 similiter,
1661 2295 1804 2357 licet

235 2385 342 2446 hic
360 2386 439 2446 sit
455 2386 868 2466 promulgata,
892 2404 1021 2447 11011
1048 2386 1193 2447 satis
1210 2392 1325 2465 ‘gest'
1339 2393 1411 2448 ut
1437 2387 1625 2466 possit
1650 2386 1805 2447 obli-

240 2496 392 2558 gare
438 2481 646 2542 statim
685 2486 878 2541 totam
927 2478 1312 2560 provinciam
1360 2486 1469 2541 aut
1508 2497 1799 2558 regnum,

240 2571 389 2649 quia
418 2577 548 2633 tam
574 2572 946 2653 impossibile
969 2577 1061 2633 est
1081 2570 1285 2650 legem
1308 2571 1410 2633 bic
1446 2573 1801 2651 promulga-

238 2668 371 2725 tam
395 2665 603 2726 statim
633 2666 775 2727 sciri
809 2667 877 2726 in
898 2671 1031 2727 tota
1053 2665 1390 2741 Lusitania,
1412 2665 1570 2726 sicut
1602 2671 1694 2727 est
1714 2666 1802 2727 le-

242 2773 387 2835 gem
414 2759 876 2839 promulgatam
928 2759 996 2819 in
1039 2757 1156 2818 hoc
1182 2756 1467 2820 cubiculo
1513 2758 1718 2819 audiri
1763 2777 1802 2820 a

242 2854 375 2910 tota
396 2851 806 2913 Conimbrica.
832 2849 1244 2912 Confirmatur
1263 2850 1614 2912 tertioexD.
1641 2851 1803 2912 Tho-

237 2959 347 3004 ma
376 2947 434 3006 1.
469 2946 534 3021 2,
567 2963 629 3023 q.
659 2946 763 3019 90,
793 2962 850 3006 a.
883 2945 946 3020 4,
972 2942 1053 3004 ad
1067 2944 1133 3019 2,
1160 2942 1401 3004 dicente
1426 2942 1614 3022 leyem
1658 2943 1805 3006 obli-

232 3053 392 3117 μανι
411 3040 481 3101 in
508 3044 798 3120 quantum
824 3038 953 3118 ejus
981 3035 1392 3118 promulqatio
1427 3037 1495 3098 iu
1541 3037 1805 3100 omnium

232 3131 532 3194 notitiam
554 3148 666 3211 per
696 3149 779 3207 se,
814 3131 907 3194 vol
942 3148 1056 3211 por
1082 3131 1237 3193 alios
1255 3130 1564 3210 pervenire
1585 3137 1799 3210 potest.

229 3225 317 3285 Et
347 3225 521 3286 addit
556 3225 745 3304 cajet.
776 3229 839 3286 et
875 3223 1098 3288 merito
1124 3225 1241 3287 hoc
1279 3241 1409 3288 non
1436 3223 1702 3307 intelligi
1729 3226 1806 3290 de

227 3318 521 3398 potentia
546 3317 770 3397 logica,
815 3336 953 3399 quae
980 3336 1107 3379 non
1142 3318 1418 3399 implicat
1464 3320 1808 3382 contradic-

228 3411 503 3487 tionem,
525 3411 632 3473 sed
654 3411 729 3472 de
749 3411 1020 3491 politica,
1046 3411 1112 3472 id
1135 3417 1247 3487 est,
1277 3410 1618 3472 secundum
1640 3412 1807 3473 ordi-

226 3523 393 3567 nem
439 3503 541 3567 vel
589 3522 840 3565 cursum
865 3503 1209 3585 politicum.
1247 3503 1328 3564 At
1359 3503 1691 3584 publicatio
1736 3504 1805 3565 in

223 3616 370 3659 uno
401 3595 537 3658 loco
570 3597 732 3658 facta
762 3615 891 3658 non
929 3602 1129 3677 potest
1152 3596 1427 3658 humano
1458 3594 1643 3658 modo
1667 3614 1806 3677 per-

220 3690 458 3753 venire
486 3689 565 3750 ad
590 3689 725 3752 loca
763 3689 1091 3768 distantia3
1120 3707 1268 3770 ergo
1311 3707 1429 3752 nec
1465 3688 1568 3752 lex
1594 3689 1805 3752 statim

215 3783 480 3862 obligat
505 3783 573 3843 in
600 3782 889 3845 omnibus
914 3781 1037 3844 illis
1061 3782 1231 3845 locis.

304 3878 380 3938 ὅ.
427 3876 651 3940 Prima
675 3876 991 3940 conclusio.
1018 3908 1101 3922 —
1123 3877 1377 3954 Propter
1400 3873 1534 3936 hoec
1579 3873 1659 3935 ad
1687 3873 1807 3936 hoc

215 3974 544 4052 punctum
575 3968 1012 4050 explicandum
1036 3968 1173 4029 dico
1206 3968 1409 4047 primo
1441 3983 1458 4028 :
1489 3967 1591 4028 lex
1635 3966 1807 4027 suffi-

217 4067 476 4127 cienter
520 4061 832 4142 publicata
881 4062 950 4123 in
998 4062 1134 4123 loco
1158 4060 1392 4137 debito,
1437 4060 1665 4140 absque
1699 4058 1809 4121 illa

217 4156 614 4220 limitatione
631 4155 925 4236 temporis
943 4173 1022 4217 ex
1043 4154 1361 4218 voluntate
1382 4153 1679 4234 principis
1700 4158 1810 4212 aut

216 4247 760 4313 determinatione
813 4247 970 4328 juris
1013 4246 1285 4328 positivi,
1329 4245 1539 4307 statim
1592 4245 1812 4324 incipit

217 4343 524 4422 obligare
551 4359 628 4403 ex
655 4346 879 4402 natura
914 4357 1044 4402 sua.
1088 4340 1233 4401 Hoec
1255 4338 1510 4401 assertio
1542 4343 1633 4400 est
1663 4354 1812 4399 con-

216 4442 543 4499 sentanea
589 4434 905 4496 communi
950 4433 1270 4496 sententiae
1324 4432 1653 4513 propositae
1679 4477 1700 4508 ,
1748 4436 1813 4493 et

215 4529 546 4611 probatur
571 4528 949 4590 sufficienter
974 4545 1052 4589 ex
1076 4524 1254 4587 dictis
1276 4526 1441 4587 circa
1471 4525 1666 4585 illam.
1694 4524 1808 4585 De-

216 4624 515 4687 claratur
540 4628 864 4701 praeterea,
890 4621 1036 4701 quia
1056 4621 1107 4681 si
1137 4619 1451 4697 legislator
1476 4636 1606 4680 non
1626 4635 1813 4699 praes·

216 4717 423 4779 crihit
451 4725 694 4775 certum
727 4720 973 4793 tempus
1004 4711 1085 4775 ad
1116 4711 1543 4790 obligandum,
1566 4728 1697 4771 non
1718 4714 1813 4770 est

214 4809 446 4890 major
470 4807 631 4868 ratio
658 4804 1025 4868 admittendi
1040 4809 1282 4867 tantam
1310 4801 1693 4878 dilationem,
1710 4800 1813 4863 vel

213 4902 553 4982 majorem
595 4905 705 4961 aut
731 4900 1076 4976 minorem3
1106 4915 1257 4976 ergo
1283 4895 1460 4958 nulla
1481 4896 1812 4958 admitten-

216 4998 307 5060 da
356 4999 502 5070 est3
537 5011 684 5073 ergo
712 4995 920 5055 statim
955 4993 1172 5072 incipit
1198 4991 1516 5071 obligatio.
1552 4992 1707 5051 ltem
1733 4989 1814 5052 ob

214 5093 402 5155 hanc
436 5106 693 5150 causam
746 5089 815 5149 in
851 5086 1213 5168 hujusmodi
1255 5086 1440 5149 rebus
1487 5084 1814 5148 indefinita

216 5184 575 5268 aequivalet
598 5183 958 5257 universali,
989 5184 1135 5264 quia
1163 5182 1315 5244 alias
1356 5187 1515 5243 esset
1540 5181 1817 5242 indeter-

215 5283 486 5344 minata
512 5295 585 5338 ac
613 5276 876 5356 proinde
919 5276 1174 5338 inutilis.
1222 5274 1661 5336 Universalitas
1706 5291 1818 5334 au-

215 5383 359 5439 tem
385 5373 463 5433 in
497 5370 787 5448 praesenti
826 5375 939 5444 est,
971 5375 1042 5430 ut
1076 5374 1216 5449 post
1253 5366 1815 5447 promulgationem

214 5471 326 5532 lex
356 5481 621 5542 semper
649 5463 917 5542 obliget;
948 5481 1095 5542 ergo
1129 5462 1338 5522 statim
1366 5460 1642 5540 obligare
1665 5460 1816 5519 inci-

217 5564 342 5647 pit.
383 5562 557 5624 ltem
588 5556 706 5619 hac
753 5558 995 5620 ratione
1038 5564 1254 5619 votum
1297 5554 1657 5636 simpliciter
1689 5554 1815 5616 fac-

3323 424 3442 483 243

1888 531 2045 600 tum,
2071 527 2202 586 sine
2229 526 2652 605 designatione
2675 528 2968 606 temporis
2999 544 3113 606 pro
3139 545 3263 605 quo
3292 528 3443 589 obli-

1887 623 2180 695 gaturum
2204 625 2318 694 est,
2347 620 2568 699 incipit
2599 623 2805 680 statim
2841 619 3115 698 obligare
3137 628 3445 699 quantum

1885 718 1979 771 est
2007 729 2083 771 ex
2124 729 2227 788 se3
2263 731 2409 791 ergo
2442 713 2608 774 idem
2638 720 2729 774 est
2774 714 2848 774 de
2877 713 3030 791 lege.
3062 714 3312 793 Oportet
3337 734 3446 775 au-

1884 812 2014 866 tem
2040 805 2105 864 in
2124 805 2240 865 hoc
2262 812 2475 866 notare
2504 806 2871 867 nonnullam
2910 807 3327 868 diversitatem
3351 810 3446 868 in-

1884 904 1978 958 ter
2014 905 2317 978 praecepta
2365 901 2652 978 negativa
2703 906 2764 959 et
2806 899 3176 959 affirmativa
3231 918 3246 961 :
3295 921 3445 963 nam

1883 992 2092 1069 priora
2119 990 2396 1070 obligant
2423 1010 2534 1070 pro
2581 1009 2846 1071 semper,
2871 998 2933 1052 ct
2961 993 3097 1052 ideo
3137 994 3204 1054 in
3228 994 3316 1055 eis
3343 1014 3447 1057 ve-

1881 1101 2026 1142 rum
2052 1090 2146 1144 est
2166 1084 2436 1163 incipere
2457 1084 2727 1162 obligare
2754 1085 2964 1145 statim
2986 1092 3050 1145 et
3061 1103 3175 1164 pro
3189 1087 3400 1148 statim
3424 1109 3440 1149 ε

1884 1176 2255 1238 affirmativa
2283 1196 2431 1237 vero
2456 1195 2584 1238 non
2613 1177 2891 1255 obligant
2932 1195 3042 1256 pro
3086 1197 3348 1260 semper,
3383 1187 3448 1242 et

1884 1268 2048 1343 ideo,
2068 1269 2217 1330 licet
2233 1270 2441 1330 statim
2460 1270 2648 1331 etiam
2668 1269 2942 1349 obligare
2970 1271 3293 1351 incipiant,
3318 1292 3446 1336 non

1881 1369 2096 1424 tamen
2117 1381 2226 1443 pro
2255 1364 2488 1440 statim,
2520 1364 2626 1425 sed
2654 1383 2764 1444 pro
2796 1370 3072 1446 tempore
3099 1375 3446 1448 opportuno

1878 1456 2059 1535 juxta
2102 1456 2478 1534 exigentiam
2520 1458 2796 1519 materiae
2818 1503 2838 1533 ,
2889 1463 2952 1519 et
3006 1469 3446 1541 praesumptam

1881 1566 1990 1609 seu
2017 1548 2398 1628 probabilem
2426 1550 2838 1611 intentionem
2869 1550 3259 1631 legislatoris,
3286 1556 3446 1617 sicut

1880 1642 1948 1702 in
1977 1642 2260 1721 exemplo
2288 1643 2552 1705 adducto
2581 1642 2658 1705 de
2688 1650 2834 1705 voto
2874 1663 3016 1707 cum
3048 1649 3444 1728 proportione

1878 1734 2093 1795 dicunt
2117 1753 2332 1798 omnes
2354 1739 2648 1799 auctores.

1961 1829 2025 1887 6.
2071 1827 2351 1892 Secunda
2370 1830 2982 1911 conclusim—Leqem
3002 1833 3261 1914 incipere
3287 1836 3444 1899 obli-

1880 1937 2029 2000 ,σανα
2047 1938 2161 2000 pro
2186 1923 2469 2001 prudenti
2497 1924 2757 1987 arbitrio
2770 1927 2963 2005 juata
2995 1932 3226 2007 tempus
3245 1948 3444 1993 mora-

1883 2013 2027 2076 liter
2051 2015 2449 2077 necessarium
2478 2022 2547 2078 ut
2567 2019 2791 2080 notitia
2819 2019 2971 2098 leyis
2988 2020 3195 2084 habori
3222 2023 3440 2100 possit.

1880 2139 1963 2152 —
1980 2106 2127 2167 Dico
2162 2107 2431 2168 secundo
2462 2124 2479 2168 ε
2509 2107 2611 2169 lex
2651 2109 3025 2173 sufficienter
3068 2119 3131 2174 et
3165 2112 3445 2176 absolute

1882 2201 2273 2280 promulgata
2296 2201 2364 2261 in
2390 2219 2518 2262 uno
2547 2202 2686 2264 loco
2714 2211 3123 2284 competente,
3154 2205 3298 2268 licet
3323 2213 3446 2268 sta-

1881 2293 1998 2353 tim
2025 2293 2303 2372 obligare
2337 2294 2616 2374 incipiat,
2649 2314 2778 2357 non
2805 2297 2994 2357 simul
3025 2304 3087 2359 et
3129 2298 3197 2359 in
3227 2300 3445 2361 eodem

1883 2391 2202 2448 momento
2237 2386 2472 2465 obligat
2522 2387 2590 2448 in
2637 2393 2768 2450 toto
2794 2391 3105 2452 territorio
3155 2410 3268 2472 pro
3323 2412 3444 2473 quo

1880 2478 2099 2553 fertur,
2126 2478 2232 2540 sed
2259 2481 2622 2556 successive,
2648 2489 2711 2543 et
2727 2484 2892 2545 intra
2923 2491 3167 2565 tempus
3196 2488 3446 2548 morali-

1884 2577 1977 2632 ter
1994 2571 2302 2633 sufficiens
2332 2579 2403 2633 ut
2429 2574 2650 2635 notitia
2671 2574 2826 2654 legis
2845 2583 2905 2637 et
2933 2580 3448 2659 promulgationis

1882 2665 2016 2742 ejus
2044 2683 2155 2745 per
2178 2670 2382 2727 totum
2415 2666 2796 2728 territorium
2828 2669 3232 2732 diffundatur.
3271 2674 3446 2735 Hanc

1878 2757 2278 2818 assertionem
2313 2758 2605 2820 videntur
2651 2760 2809 2821 mibi
2849 2764 3211 2826 convincere
3258 2784 3443 2845 argu-

1882 2855 2091 2911 menta
2118 2850 2284 2911 facta
2308 2852 2631 2931 posteriori
2662 2853 2816 2915 loco.
2850 2855 2995 2928 Quoe
3021 2857 3165 2919 licet
3191 2860 3444 2921 videan-

1881 2947 1985 3003 tur
2033 2952 2166 3004 esse
2199 2950 2412 3004 contra
2455 2964 2855 3009 communem
2891 2952 3284 3030 sententiam,
3315 2971 3445 3015 11011

1884 3036 2245 3098 militabunt
2277 3043 2491 3099 contra
2508 3038 2704 3118 illam,
2745 3040 2796 3100 si
2817 3042 2883 3101 in
2907 3041 3024 3103 hoc
3045 3062 3227 3105 sensu
3252 3046 3445 3126 expli-

1884 3134 2078 3205 cetur,
2108 3130 2359 3206 scilicet,
2384 3137 2457 3192 ut
2492 3131 2594 3192 lex
2627 3132 3023 3214 promulgata
3048 3136 3348 3212 absolute,
3382 3138 3448 3198 id

1885 3229 1999 3300 est,
2031 3243 2069 3286 a
2095 3223 2445 3303 legislatore
2477 3244 2605 3287 non
2636 3227 2958 3307 impedita,
2989 3248 3098 3292 seu
3126 3249 3440 3311 suspensa,

1883 3318 2094 3378 statim
2119 3322 2344 3380 natura
2383 3336 2494 3379 sua
2530 3318 2785 3398 obliget,
2816 3321 2924 3383 ubi
2946 3324 3264 3386 moraliter
3305 3325 3447 3386 sciri

1882 3415 2104 3491 potest,
2125 3411 2190 3472 id
2217 3415 2335 3486 est,
2355 3410 2423 3472 in
2449 3410 2559 3472 illo
2579 3413 2865 3493 proximo
2885 3419 2947 3476 et
2967 3417 3254 3495 praesenti
3275 3418 3442 3479 loco:

1881 3505 2029 3565 inde
2056 3522 2203 3566 vero
2231 3504 2410 3585 quasi
2436 3507 2728 3568 continue
2757 3509 3123 3573 extendatur
3148 3512 3444 3592 obligatio

1881 3597 1959 3659 ad
1987 3597 2125 3659 loca
2142 3598 2433 3660 distantia
2459 3599 2624 3661 intra
2644 3605 2891 3682 tempus
2908 3603 2977 3664 in
3004 3623 3127 3685 quo
3155 3589 3445 3686 pr'udenti

1882 3690 2140 3754 arbitrio
2165 3691 2392 3754 deferri
2439 3692 2519 3754 ad
2567 3693 2723 3755 illud
2756 3702 2955 3775 potest
2995 3700 3217 3762 notitia
3264 3700 3441 3779 legis.

1882 3786 2079 3860 Quem
2120 3803 2369 3848 sensum
2405 3804 2536 3847 non
2581 3788 2867 3851 existimo
2894 3808 3024 3852 esse
3063 3793 3339 3855 alienum
3365 3793 3445 3855 ab

1883 3878 2235 3940 auctoribus
2262 3879 2540 3958 allegatis
2561 3898 2672 3958 pro
2724 3881 2918 3960 priori
2956 3886 3282 3947 sententia.
3326 3887 3447 3948 Na-

1881 3981 2099 4033 varrus
2124 3972 2292 4033 enim
2295 4017 2317 4049 ,
2353 3991 2496 4034 cum
2524 3973 2642 4033 sibi
2668 3973 2987 4052 objecisset
3029 3984 3248 4056 quarto
3286 3979 3442 4056 loco,

1883 4065 2033 4143 quia
2069 4064 2296 4125 durum
2324 4070 2417 4125 est
2446 4063 2694 4126 credere
2717 4064 2922 4143 legem
2941 4067 3148 4129 Romae
3172 4071 3449 4149 promul-

1886 4161 2096 4233 gatam
2134 4155 2301 4216 intra
2338 4156 2493 4216 duos
2539 4173 2779 4217 menses
2819 4155 3093 4237 obligare
3127 4161 3448 4241 AEtbiopes

1886 4253 1949 4309 et
1969 4247 2173 4321 indm,
2195 4247 2524 4327 respondet
2538 4248 2928 4311 concedendo
2950 4249 3178 4314 durum
3195 4254 3448 4334 quidem

1886 4347 1948 4402 et
1976 4339 2414 4419 gravissimum
2446 4358 2575 4403 esse
2626 4340 2850 4420 dicere,
2884 4362 3098 4407 omnes
3123 4348 3450 4411 existentes

1885 4435 1953 4496 in
1979 4433 2103 4494 illis
2125 4434 2402 4514 partibus
2442 4441 2617 4498 extra
2652 4437 2915 4500 Romam
2941 4457 3192 4520 peccare
3236 4449 3452 4505 contra

1887 4528 2091 4607 legem
2119 4533 2256 4608 post
2277 4527 2414 4590 illos
2441 4547 2708 4607 menses,
2755 4532 2857 4595 sed
2875 4551 2993 4596 uon
3032 4552 3154 4598 esso
3178 4534 3310 4613 (ait)
3335 4537 3451 4599 du-

1887 4639 2027 4684 rum
2055 4621 2248 4684 dicere
2274 4622 2432 4702 quod
2456 4623 2800 4703 obliyaatwr
2836 4631 2976 4704 post
3028 4632 3257 4706 tempus
3298 4629 3458 4709 quod

1889 4714 1990 4776 vir
2032 4714 2239 4789 bonus,
2277 4714 2403 4776 sive
2424 4714 2620 4794 judea>
2656 4717 3065 4781 arbitrabitur
3105 4737 3227 4783 esse
3267 4721 3455 4799 susst-

1891 4807 2070 4879 ciem,
2102 4811 2172 4869 ut
2196 4805 2298 4868 illi
2321 4807 2390 4869 de
2407 4808 2622 4887 quibus
2641 4810 2962 4889 quaritur,
2984 4813 3202 4890 sciant,
3225 4819 3457 4878 attenta

1890 4898 2191 4961 distantia
2212 4899 2563 4978 provincia»,
2601 4905 2657 4964 et
2682 4903 2978 4982 qualitate
3024 4905 3201 4985 leqis,
3240 4912 3297 4968 et
3329 4909 3458 4983 fro-

1888 4992 2135 5072 quontia
2159 4991 2467 5055 hominum
2493 4993 2669 5056 illius
2691 4995 3019 5075 provincia»
3045 4997 3457 5062 habitantium

1890 5086 2119 5163 Romae,
2140 5090 2195 5148 ot
2219 5086 2582 5149 venientium
2599 5087 2682 5149 ad
2706 5105 2858 5163 eam,
2889 5093 2946 5151 et
2969 5090 3343 5153 redeuntium
3382 5093 3455 5156 ab

1892 5197 1999 5251 σου·
2025 5178 2191 5258 quod
2219 5184 2312 5239 est
2335 5179 2725 5258 aptissimum
2743 5185 3301 5258 temperamentum
3329 5184 3454 5248 dic·

1889 5279 2099 5335 torum
2125 5272 2193 5332 in
2218 5271 2381 5332 dicto
2413 5291 2466 5332 c.
2499 5275 2559 5348 2,
2594 5273 2672 5333 de
2714 5273 2964 5335 Constit.
2999 5276 3142 5336 Hoec
3170 5277 3454 5355 Navarr.,

1891 5385 2004 5447 per
2031 5384 2168 5445 quoe
2217 5364 2463 5425 videtur
2498 5363 2661 5425 clare
2708 5384 3012 5445 exponere
3061 5386 3456 5431 communem

1894 5458 2288 5531 sententiam,
2319 5464 2390 5517 ut
2412 5476 2539 5517 11011
2574 5458 2956 5538 intelligatur
2977 5458 3054 5522 de
3081 5460 3455 5540 obligatione

1895 5571 2034 5633 quae
2053 5553 2121 5614 in
2141 5561 2456 5613 momento
2482 5550 2589 5614 flat
2617 5571 2730 5634 pro
2751 5553 3037 5616 omnibus
3064 5555 3210 5615 locis
3229 5557 3459 5618 distan-
