3976 6219
796 420 933 473 GAP.
969 421 1030 473 V.
1066 421 1215 473 ALIA
1247 420 1435 475 DUBIA
1464 421 1528 473 IN
1559 418 1843 473 micam
1874 417 2398 472 ExPLANATiom
2430 417 2806 482 SUPERIORIS,
2842 418 2977 472 mc,

280 525 475 601 potest
499 524 761 582 scatwe
785 520 1147 600 Episcopus.
1175 553 1258 567 -
1283 521 1560 582 Primum
1588 519 1851 581 dubium

289 618 403 687 est,
422 617 636 673 utrum
662 612 993 693 Episcopus
1020 614 1209 692 possit
1235 614 1497 675 condere
1524 612 1691 691 leges
1718 614 1851 674 sine

286 704 605 765 voluntate
634 707 835 785 Papae,
873 714 934 768 et
966 723 1101 785 quae
1126 705 1344 785 regula
1365 707 1435 766 in
1451 706 1567 766 hac
1593 706 1853 767 materia

288 797 587 857 servanda
625 797 706 857 sit
720 841 742 873 ,
788 798 1097 873 videlicet,
1158 816 1238 859 an
1288 799 1476 878 possit
1518 799 1854 879 Episcopus

288 888 588 968 quidquid
616 889 676 950 ei
701 908 831 951 non
851 889 1234 971 prohibetur,
1259 891 1360 952 vel
1378 892 1579 952 solum
1607 890 1772 971 quod
1795 890 1855 951 ei

288 980 663 1042 conceditur.
696 983 766 1044 In
792 1001 915 1062 quo
942 983 1143 1063 primo
1178 982 1508 1045 dicendum
1552 989 1645 1044 est
1683 983 1855 1063 Epis-

290 1091 474 1152 copos
490 1092 618 1135 non
645 1093 821 1155 posse
837 1077 1007 1155 leges
1031 1076 1193 1138 ferre
1211 1077 1281 1137 in
1307 1076 1491 1138 rebus
1519 1094 1674 1156 quas
1692 1077 1856 1155 Papa

289 1166 406 1227 sibi
433 1168 776 1247 specialiter
798 1170 1159 1245 reservavit,
1187 1168 1312 1230 illis
1329 1168 1617 1231 videlicet
1649 1168 1857 1247 aliquo

288 1260 476 1321 modo
521 1268 960 1341 repugnantes.
1011 1263 1142 1323 Hoc
1186 1268 1279 1324 631
1327 1262 1735 1323 certissimum
1781 1278 1857 1322 ex

290 1352 794 1417 subordinatione
822 1355 1075 1433 debita3
1119 1354 1508 1434 habeturque
1549 1355 1617 1416 111
1653 1372 1788 1434 cap.
1820 1356 1848 1413 1

290 1444 365 1505 de
393 1445 1061 1527 Translataffpisoop„
1092 1453 1156 1508 et
1195 1465 1329 1528 cap.
1374 1451 1403 1508 1
1439 1453 1500 1509 et
1529 1449 1592 1523 Ξ,
1629 1445 1707 1508 de
1743 1446 1857 1506 Re-

289 1537 498 1616 liquiis
529 1544 591 1599 et
618 1546 895 1601 venerat.
947 1540 1336 1615 Sanctorum,
1379 1545 1443 1601 et
1474 1558 1608 1618 cap.
1645 1538 1853 1599 ultim.

292 1629 369 1689 de
407 1629 727 1708 Religiosis
755 1630 1072 1707 domibus3
1115 1631 1281 1692 unde
1314 1631 1581 1693 secundo
1618 1636 1857 1692 certum

293 1726 385 1781 est
413 1739 539 1782 non
561 1740 737 1802 posse
758 1723 990 1803 aliquid
1017 1728 1286 1785 statuere
1318 1729 1532 1784 contra
1557 1724 1660 1803 jus
1688 1741 1858 1783 com-

293 1831 509 1890 mune,
537 1816 685 1894 quia
711 1833 784 1877 eo
810 1817 944 1896 ipso
966 1821 1388 1897 repugnarent
1413 1816 1721 1878 voluntati
1757 1834 1858 1876 su·

291 1907 571 1984 perioris,
599 1908 867 1968 sumitur
893 1927 971 1970 ex
1010 1928 1147 1988 cap.
1192 1908 1462 1970 secundo
1493 1909 1571 1970 de
1608 1909 1851 1970 Locato.

291 2000 533 2078 Tertio,
550 2001 904 2063 addendum
943 2003 1011 2064 in
1056 2002 1443 2082 gravioribus
1482 2002 1679 2064 causis
1699 2001 1858 2063 nihil

291 2108 467 2169 posse
497 2098 789 2169 statuere,
842 2095 989 2173 quia
1032 2113 1142 2174 per
1187 2094 1541 2174 generalem
1576 2094 1857 2173 regulam

294 2183 423 2244 sedi
440 2184 786 2262 apostolicas
808 2192 955 2247 sunt
979 2193 1322 2248 reservatis.
1355 2189 1537 2248 Notat
1554 2185 1766 2248 Glossa
1789 2187 1857 2246 in

293 2276 476 2355 capit.
520 2278 787 2338 secundo
816 2279 892 2340 de
928 2280 1195 2359 Majorit.
1229 2286 1292 2342 et
1318 2280 1629 2342 obedient.
1652 2303 1670 2355 ;
1706 2281 1859 2342 item

292 2367 588 2428 Glossain
618 2387 753 2450 cap.
785 2372 847 2446 2,
878 2370 915 2450 ἓ
943 2373 1163 2447 Parra,
1193 2372 1334 2432 dist.
1369 2375 1428 2447 3,
1465 2376 1540 2436 et.
1560 2372 1637 2432 18
1684 2372 1854 2449 dist.,

294 2459 361 2519 in
380 2461 679 2541 principio
691 2478 711 2538 ;
732 2462 1020 2524 Abbasin
1044 2481 1177 2543 cap.
1203 2465 1315 2525 ult.
1345 2466 1419 2526 de
1447 2464 1616 2526 Offic.
1640 2463 1855 2542 legati,

294 2570 360 2612 n.
393 2555 472 2627 53
504 2560 566 2614 et
601 2555 865 2616 sumitur
895 2573 972 2616 ex
1012 2574 1145 2635 cap.
1183 2557 1536 2636 Praeceptis,
1563 2557 1705 2618 dist.
1752 2560 1854 2634 12,

294 2651 357 2705 et
387 2663 521 2726 cap.
567 2649 813 2724 Multis,
843 2648 987 2710 dist.
1034 2652 1146 2724 173
1190 2656 1253 2711 et
1293 2668 1426 2728 cap.
1456 2650 1749 2730 Majores,
1780 2650 1858 2712 de

291 2739 624 2818 Baptismo.
656 2740 958 2803 Probatur
984 2741 1173 2804 etiam
1218 2761 1295 2804 ex
1325 2743 1600 2820 generali
1627 2743 1853 2822 princi-

289 2831 417 2910 pio,
452 2831 567 2892 sub
598 2832 873 2911 generali
921 2834 1309 2895 concessione
1357 2852 1484 2895 non
1529 2835 1740 2895 venire
1781 2853 1857 2897 ea

286 2941 425 3002 quae
453 2924 521 2983 in
560 2925 758 3003 specie
798 2943 926 2985 non
972 2932 1175 2986 essent
1201 2924 1618 2987 verisimiliter
1645 2945 1857 2987 601166-

291 3017 515 3091 denda,
554 3036 689 3096 cap.
732 3017 936 3079 ultim.
986 3018 1063 3079 de
1100 3019 1316 3080 Officio
1339 3019 1577 3094 vicarii,
1606 3019 1672 3078 111
1702 3020 1764 3094 6,
1797 3024 1883 3080 61·

290 3108 527 3189 optime
554 3109 634 3170 ad
659 3128 794 3172 rem
818 3117 1182 3191 praesentem
1204 3112 1271 3171 in
1298 3130 1433 3192 cap.
1465 3112 1635 3185 Quod
1658 3117 1860 3175 trans·

293 3201 598 3278 lationem,
628 3203 738 3263 ubi
763 3204 1064 3264 adnotant
1088 3205 1509 3265 Panormitan.
1547 3209 1610 3265 et
1641 3204 1769 3280 alii,
1796 3210 1861 3266 et

291 3293 521 3354 Bartol.
568 3294 638 3354 in
685 3293 730 3354 1.
778 3294 990 3358 Omnes
1034 3297 1270 3375 populi,
1311 3296 1376 3357 ff.
1405 3297 1481 3357 de
1518 3296 1764 3357 Justitia
1797 3302 1860 3359 et

289 3387 452 3465 jure,
483 3405 549 3447 n.
576 3388 676 3448 26.
708 3388 1010 3449 Dicuntur
1036 3406 1185 3451 vero
1229 3405 1359 3450 esse
1394 3389 1679 3467 graviora
1722 3408 1859 3470 quoe

294 3480 367 3541 ad
400 3497 629 3543 novam
669 3479 817 3541 fidei
861 3479 1340 3543 declarationem
1377 3481 1477 3542 vel
1505 3482 1859 3560 promulga-

293 3574 529 3635 tionem
555 3575 890 3655 pertinent,
920 3575 1020 3636 vel
1047 3593 1186 3654 quai
1213 3581 1592 3637 concernunt
1625 3581 1859 3638 statum

295 3668 658 3729 universalis
674 3668 979 3744 Ecclesiae,
991 3675 1084 3744 111,
1105 3668 1276 3730 verbi
1294 3669 1518 3747 gratia,
1536 3671 1856 3732 continen-

297 3763 386 3823 tia
398 3763 821 3838 Sacerdotum,
844 3769 952 3824 aut
965 3781 1103 3843 quae
1116 3770 1467 3843 repugnant
1492 3764 1855 3845 privilegiis,

295 3855 396 3918 vel
427 3856 970 3918 consuetudinibus
1001 3857 1453 3918 universalibus
1464 3901 1485 3933 ,
1509 3858 1694 3936 juxta
1718 3877 1853 3939 cap.

300 3948 452 4012 Cum
479 3951 750 4026 dilectus,
771 3949 849 4010 de
867 3950 1234 4011 Consuetud.
1263 3972 1281 4024 ;
1303 3950 1414 4010 ubi
1440 3949 1649 4012 Glossa
1667 3951 1857 4012 verbo

299 4040 700 4105 Constitutus.
729 4043 881 4103 Item
904 4060 1097 4103 unam
1119 4042 1454 4103 Ecclesiam
1474 4042 1653 4103 alteri
1671 4043 1862 4122 3111131-

297 4153 457 4211 cere,
488 4141 597 4196 aut
630 4135 785 4196 duos
806 4136 1191 4216 episcopatus
1208 4136 1278 4195 in
1297 4152 1517 4210 unum,
1540 4135 1640 4197 vel
1660 4153 1860 4196 unum

296 4228 365 4287 in
394 4227 549 4288 duos
572 4227 871 4303 dividere,
892 4233 965 4288 ut
975 4228 1200 4289 dicitur
1219 4228 1288 4288 in
1302 4227 1465 4288 dicto
1487 4227 1670 4308 capit.
1693 4227 1864 4302 Quod

298 4321 753 4383 translationem
765 4344 794 4391 ,·
818 4325 882 4380 et
912 4319 1112 4382 simile
1143 4333 1301 4381 esset
1328 4319 1858 4399 quadragesimale

295 4413 606 4493 jejunium
637 4418 902 4488 mutare,
926 4411 1026 4474 vel
1057 4412 1208 4492 quid
1232 4412 1454 4473 simile.
1489 4412 1679 4473 Extra
1706 4412 1859 4473 alios

298 4523 447 4567 vero
487 4523 660 4566 casus
676 4524 789 4585 pro
813 4505 1089 4584 generali
1112 4504 1328 4585 regula
1354 4503 1710 4566 habendum
1739 4510 1858 4580 est,

296 4598 661 4678 Episcopum
702 4615 828 4658 non
869 4615 1052 4677 egere
1090 4598 1354 4678 positiva
1393 4596 1856 4678 approbatione,

296 4690 786 4766 confirmatione,
809 4695 920 4751 aut
944 4690 1330 4752 concessione
1357 4690 1557 4768 Papae,
1580 4694 1652 4749 ut
1670 4688 1864 4768 possit

297 4790 533 4845 statura
554 4783 816 4844 condere
843 4783 920 4843 de
947 4800 1012 4844 se
1040 4782 1245 4857 firma,
1274 4799 1346 4842 ac
1363 4787 1681 4861 perpetua,
1713 4781 1863 4861 quia

296 4876 417 4937 hoc
439 4876 726 4936 convenit
746 4874 839 4936 illi
868 4875 1012 4954 jure
1048 4873 1382 4949 ordinari0,
1417 4874 1456 4933 2
1488 4873 1565 4933 de
1591 4872 1858 4951 Majorit.

299 4975 363 5030 et
389 4967 727 5043 obedient„
779 4966 1049 5047 capitulo
1101 4965 1393 5042 secundo,
1423 4965 1501 5027 de
1533 4965 1857 5025 Constitut.

298 5061 368 5122 in
404 5062 464 5132 6,
497 5067 562 5122 et
588 5077 666 5121 ex
695 5064 991 5138 perpetua
1020 5058 1481 5129 consuetudine,
1529 5056 1864 5143 traditione

297 5153 602 5228 Ecclesiae,
635 5169 838 5231 neque
882 5156 975 5212 est
1006 5150 1138 5211 ulla
1172 5150 1330 5212 ratio
1364 5149 1445 5210 ad
1471 5148 1864 5210 limitandam

295 5245 459 5307 lianc
484 5244 765 5324 Episcopi
793 5247 1179 5322 potestatem.

380 5339 440 5397 Ξ.
485 5337 838 5399 Secundum
868 5336 1130 5398 dubium
1156 5341 1270 5411 est,
1294 5339 1509 5395 utrum
1534 5333 1865 5413 Episcopus

298 5429 492 5511 possit
517 5429 650 5490 sine
676 5429 957 5505 consilio,
991 5429 1092 5491 vel
1126 5445 1429 5489 consensu
1450 5426 1727 5507 capituli,
1757 5431 1866 5488 aut

301 5521 473 5598 cleri,
491 5526 721 5583 statuta
745 5521 1013 5585 efficere.
1031 5521 1242 5603 Aliqui
1268 5520 1438 5584 enim
1463 5520 1532 5583 id
1553 5518 1867 5583 affirmant

3370 412 3490 476 349

1931 537 2008 581 ex
2059 519 2271 581 Glossa
2310 519 2378 580 in
2413 537 2546 599 cap.
2598 518 2675 583 Si
2715 520 2875 599 quis,
2917 519 2994 582 de
3045 518 3389 598 Majoritate
3428 523 3492 581 et

1930 612 2278 689 obedient.;
2309 612 2417 674 sed
2440 612 2549 672 illa
2571 612 2779 673 Glossa
2806 612 2868 671 id
2897 631 3023 673 non
3066 612 3237 687 dicit,
3263 613 3369 672 sed
3396 630 3491 672 so-

1931 705 2066 766 lum
2092 706 2181 765 ait
2205 723 2379 785 posse
2412 705 2739 785 Episcopos
2766 704 3231 766 constitutiones
3255 703 3487 779 facere;

1934 797 2099 857 unde
2151 798 2568 858 Panormitan.
2605 816 2738 877 cap.
2781 797 2895 857 ult.
2946 798 3022 858 de
3062 796 3231 858 Offic.
3279 797 3488 875 legati,

1934 888 2210 950 absolute
2246 888 2311 948 id
2338 895 2546 967 negat,
2579 891 2847 969 citatque
2891 890 3117 952 Joann.
3167 888 3358 950 Andr.
3365 934 3385 964 ,
3431 894 3492 949 et

1934 982 1999 1042 id
2027 981 2260 1060 colligit
2285 998 2362 1042 ex
2387 1000 2522 1062 cap.
2556 984 2749 1047 Novit
2771 988 2835 1044 et
2859 1000 2992 1061 cap.
3029 982 3286 1057 Quanto,
3312 982 3387 1042 de
3417 982 3493 1043 Iis

1935 1092 2074 1152 quae
2091 1073 2253 1134 fiunt
2269 1092 2307 1133 a
2322 1073 2576 1134 Proelato
2588 1074 2721 1134 sine
2736 1091 3036 1135 consensu
3055 1073 3317 1154 Capituli
3319 1089 3340 1150 3
3357 1092 3494 1154 quae

1933 1166 2076 1246 jura
2097 1184 2222 1227 non
2249 1166 2589 1246 loquuntur
2614 1167 2691 1228 de
2723 1166 2992 1240 statutis,
3033 1165 3140 1227 sed
3188 1166 3266 1226 de
3293 1166 3495 1244 objec-

1934 1259 2210 1320 tionibus
2230 1258 2539 1321 bonorum
2564 1258 2865 1334 Ecclesiae,
2911 1264 2976 1319 et
3011 1257 3148 1318 aliis
3192 1258 3496 1320 similibus

1935 1352 2222 1431 negotiis,
2244 1370 2382 1431 quse
2400 1351 2479 1412 ab
2497 1351 2793 1431 Episcopo
2819 1351 2951 1413 31116
2973 1349 3253 1430 Capitulo
3271 1350 3496 1411 facien-

1937 1448 2019 1507 da
2053 1465 2182 1508 non
2221 1452 2414 1521 sunt:
2446 1446 2609 1508 unde
2651 1445 2980 1507 dicendum
3021 1451 3173 1524 puto
3216 1445 3496 1507 eamdem

1935 1539 2065 1601 fere
2120 1539 2402 1618 regulam
2450 1539 2552 1599 hic
2600 1556 2730 1599 esse
2777 1538 3146 1599 servandam
3162 1583 3183 1614 ,
3236 1556 3373 1617 quse
3429 1539 3496 1597 in

1937 1633 2221 1713 proximo
2253 1630 2641 1693 antecedenti
2685 1638 2916 1711 puncto
2946 1632 3144 1710 posita
3180 1637 3306 1706 est;
3349 1648 3498 1692 nam

1935 1723 2307 1804 regulariter
2354 1723 2686 1804 Episcopus
2728 1742 2858 1785 non
2884 1724 3111 1803 pendet
3135 1724 3203 1784 in
3230 1724 3499 1785 ferendis

1935 1816 2178 1894 legibus
2204 1834 2243 1878 a
2273 1815 2574 1896 Capitulo,
2610 1817 2758 1895 quia
2783 1834 2912 1877 non
2937 1816 3124 1877 habet
3149 1817 3228 1877 ab
3256 1816 3363 1876 illo
3389 1834 3500 1896 po-

1935 1913 2244 1984 testatem,
2277 1907 2385 1969 sed
2407 1925 2446 1968 a
2473 1910 2659 1988 Papa,
2688 1926 2727 1968 a
2754 1926 2876 1987 quo
2899 1908 2967 1968 in
2989 1924 3100 1969 suo
3129 1907 3327 1986 gradu
3356 1926 3501 1970 con-

1936 2000 2187 2061 stitutus
2216 2007 2306 2062 est
2342 2000 2624 2081 princeps
2649 2000 2884 2062 habens
2923 2001 3204 2079 regimen
3254 2018 3500 2061 monar-

1936 2092 2203 2169 chicum,
2249 2093 2397 2172 quia
2434 2093 2552 2154 hoc
2601 2100 2733 2155 erat
2773 2093 2973 2171 magis
3018 2097 3497 2154 consentaneum

1936 2185 2151 2247 divino
2184 2187 2330 2265 juri.
2385 2187 2565 2262 Item,
2593 2186 2742 2265 quia
2782 2185 2955 2246 nullo
2980 2185 3125 2263 jure
3168 2184 3500 2245 adhibetur

1932 2278 2068 2340 ‘haec
2092 2279 2382 2340 limitatio
2426 2279 2742 2358 potestatis
2780 2278 3163 2359 episcopalis,
3202 2297 3316 2340 1166
3357 2277 3499 2338 16113

1936 2371 2349 2451 dependentia
2375 2372 2622 2433 Praelati
2646 2391 2684 2432 a
2723 2371 2981 2433 subditis
3015 2372 3081 2432 in
3125 2370 3367 2449 legibus
3415 2371 3499 2432 16-

1936 2464 2148 2525 rendis
2173 2464 2451 2543 sequitur
2472 2483 2548 2526 ex
2565 2464 2886 2544 principiis
2911 2462 3331 2524 naturalibus:
3352 2480 3499 2542 ergo

1936 2577 2066 2620 non
2097 2565 2190 2622 est
2216 2577 2327 2638 pro
2359 2559 2636 2637 generali
2660 2559 2877 2637 regula
2916 2559 3376 2632 constituenda3
3407 2576 3502 2618 so-

1937 2651 2072 2712 lum
2100 2669 2248 2730 ergo
2292 2652 2414 2712 dici
2440 2657 2642 2731 potest
2681 2669 2811 2713 esse
2847 2653 3265 2713 necessarium
3302 2650 3500 2711 consi-

1934 2742 2115 2818 lium,
2152 2742 2254 2804 vel
2285 2760 2654 2806 consensum
2699 2743 2872 2819 cleri,
2915 2750 3026 2804 aut
3060 2744 3251 2804 etiam
3286 2742 3500 2823 populi

1934 2835 2003 2897 in
2031 2835 2274 2897 casibus
2318 2853 2357 2896 a
2394 2836 2537 2914 jure
2576 2838 2897 2915 expressis,
2931 2836 3033 2897 vel
3076 2837 3143 2896 in
3184 2836 3281 2896 his
3316 2834 3500 2896 rebus

1936 2946 2074 3007 quoe
2101 2928 2431 3007 specialem
2451 2929 2780 3005 rationem,
2810 2927 2910 2991 vel
2931 2929 3355 2991 necessitatem
3374 2945 3502 3007 prae

1940 3039 2005 3082 se
2023 3022 2254 3083 ferunt.
2278 3023 2645 3102 Exemplum
2669 3023 2894 3103 prioris
2929 3024 3120 3102 partis
3145 3022 3407 3084 habetur
3432 3021 3500 3082 in

1939 3131 2075 3193 cap.
2106 3114 2218 3175 ult.
2247 3115 2325 3176 de
2352 3115 2566 3191 Feriis,
2595 3121 2659 3176 et
2684 3116 2760 3178 de
2783 3115 2893 3176 illo
2918 3115 3043 3177 late
3077 3115 3209 3175 dixi
3235 3116 3303 3176 111
3344 3120 3498 3175 10111.

1939 3208 1972 3266 1
2006 3205 2084 3267 de
2111 3204 2455 3284 Religione,
2501 3213 2745 3270 tractat.
2789 3210 2850 3279 2,
2883 3207 2994 3267 lib.
3033 3209 3096 3282 Ξ,
3144 3225 3280 3286 cap.
3325 3210 3426 3281 11,
3464 3224 3503 3267 6

1937 3316 2116 3360 num.
2158 3301 2217 3359 7.
2248 3299 2546 3380 Exempla
2570 3300 2823 3362 alterius
2854 3300 3047 3379 partis
3066 3305 3233 3374 sunt,
3257 3299 3311 3359 si
3335 3300 3504 3377 leges

1939 3392 2225 3472 Episcopi
2251 3392 2584 3472 disponant
2607 3394 2684 3454 de
2715 3394 2899 3455 rebus
2931 3412 3068 3473 quoe
3102 3399 3359 3473 possunt
3404 3411 3502 3454 ce-

1938 3484 2087 3547 dere
2125 3486 2194 3545 in
2223 3486 2652 3565 praejudicium
2679 3486 2967 3566 Capituli,
3005 3491 3115 3546 aut
3160 3485 3331 3561 cleri,
3361 3503 3503 3566 pro-

1937 3578 2221 3656 portione
2242 3583 2510 3654 servata,
2541 3579 2683 3639 11131
2709 3579 2836 3640 31111
2866 3584 3080 3639 contra
3106 3578 3504 3659 privilegium

1938 3687 1977 3732 a
2013 3670 2330 3749 superiore
2366 3670 2489 3732 illis
2539 3687 2917 3746 concessum,
2961 3671 3060 3733 vel
3096 3677 3312 3732 contra
3350 3690 3504 3753 prae-

1939 3762 2230 3842 scriptam
2257 3764 2767 3826 consuetudinem
2777 3779 2799 3841 3
2831 3769 2894 3825 et
2920 3764 3037 3825 1106
3065 3763 3144 3823 ad
3187 3782 3503 3826 summum

1938 3861 2142 3936 potest
2170 3855 2378 3935 colligi
2402 3874 2517 3935 per
2537 3861 2979 3935 argumentum
3004 3874 3043 3917 a
3063 3857 3251 3917 simili
3274 3877 3353 3923 ex
3377 3857 3506 3918 dic-

1939 3948 2020 4008 tis
2047 3947 2352 4026 capitibus
2367 3949 2566 4014 Novit
2586 3954 2649 4010 et
2674 3966 2809 4028 cap.
2843 3949 3098 4023 Qucum,
3124 3956 3186 4010 et
3207 3950 3407 4029 magis
3425 3967 3505 4011 ex

1940 4040 2128 4120 capit.
2167 4041 2400 4115 Vestra,
2439 4040 2517 4100 de
2550 4041 2812 4115 Locat03
2850 4046 2914 4101 et
2951 4050 3043 4102 est
3063 4040 3195 4101 haec
3226 4060 3504 4104 commu-

1939 4132 2040 4193 nis
2072 4132 2398 4193 sententia.
2448 4131 2698 4192 Felinus
2742 4133 2929 4212 capit.
2979 4131 3131 4196 Cum
3167 4151 3384 4210 omues,
3424 4134 3504 4196 de

1939 4222 2265 4286 Constitut.
2301 4242 2366 4285 n.
2405 4227 2473 4285 11
2483 4268 2504 4299 ,
2534 4228 2598 4285 61
2631 4223 2886 4288 Archid.
2918 4243 2999 4286 ex
3022 4229 3197 4286 textu
3235 4225 3325 4287 ibi
3364 4245 3498 4308 cap.

1939 4316 2017 4378 de
2048 4317 2422 4393 consecrat„
2452 4317 2724 4378 distinct.
2759 4319 2818 4379 3.

2022 4412 2082 4471 3.
2124 4411 2313 4473 Idem·
2323 4429 2496 4490 posse
2528 4410 3022 4490 Archiepiscopos
3047 4412 3115 4473 in
3149 4413 3280 4479 nais
3305 4412 3506 4492 parci-

1940 4503 2250 4566 oularibus
2272 4503 2617 4567 dioeoosibus
2640 4505 2797 4584 quod
2817 4503 3115 4584 Episcopi
3143 4506 3212 4567 in
3255 4506 3407 4569 suis.
3422 4538 3504 4553 -

1940 4596 2221 4656 Tertium
2247 4595 2510 4656 dubium
2530 4601 2644 4672 est,
2669 4596 2821 4676 quid
2843 4595 3171 4658 dicendum
3193 4597 3273 4658 sit
3293 4598 3370 4659 de
3400 4617 3503 4659 su-

1942 4688 2289 4767 perioribus
2335 4687 2607 4750 Praelatis
2629 4732 2651 4765 ,
2708 4693 2780 4750 ut
2829 4694 2972 4751 sunt
3022 4689 3501 4770 Archiepiscopi,

1945 4780 2265 4856 Primates,
2295 4798 2403 4841 seu
2428 4781 2820 4842 Pati-iarcbae.
2836 4782 2922 4843 De
2949 4781 3172 4861 quibus
3197 4783 3504 4862 imprimis

1944 4880 2180 4933 certum
2209 4878 2324 4948 est,
2342 4874 2484 4952 jure
2525 4874 2843 4936 communi
2878 4875 3043 4935 idem
3071 4894 3244 4955 posse
3280 4876 3348 4936 in
3378 4877 3505 4937 suis

1941 4964 2417 5044 particularibus
2432 4964 2794 5028 dioecesibus
2804 4967 2968 5045 quod
2988 4968 3321 5047 Episcopus
3323 5013 3345 5044 ,
3356 4968 3505 5047 quia

1941 5055 2193 5118 illarum
2231 5057 2516 5137 Episcopi
2563 5063 2730 5117 sunt.
2774 5057 3006 5119 Deinde
3051 5059 3379 5120 dicendum
3413 5065 3506 5121 est

1942 5148 2101 5209 nihil
2147 5149 2438 5228 amplius,
2461 5148 2564 5211 vel
2595 5148 2779 5223 infra,
2815 5149 2912 5209 vel
2940 5155 3115 5212 extra
3140 5150 3279 5211 illas
3303 5170 3500 5231 posse,

1942 5241 2064 5301 nisi
2093 5241 2339 5320 speciali
2360 5242 2523 5320 jure,
2546 5248 2654 5302 aut
2679 5242 3015 5321 prescripta
3037 5244 3500 5321 consuetudine,

1943 5334 2045 5394 vel
2071 5334 2397 5413 privilegio
2435 5334 2524 5395 eis
2568 5352 2929 5396 consensum
2966 5335 3065 5406 sit.
3117 5339 3207 5398 Ita
3237 5339 3505 5399 sumitur

1944 5444 2021 5487 ex
2058 5443 2191 5505 cap.
2223 5427 2265 5485 4
2293 5443 2486 5505 usque
2513 5426 2593 5488 ad
2632 5445 2765 5507 cap.
2808 5426 3193 5509 Conquestus,
3236 5433 3299 5507 9,
3330 5450 3392 5510 q.
3439 5431 3499 5506 3,

1944 5524 2007 5581 et
2029 5535 2162 5599 cap.
2201 5518 2339 5581 Duo
2366 5518 2577 5595 simul,
2617 5517 2696 5580 de
2731 5518 2904 5582 Offic.
2948 5520 3268 5584 ordinarii.
3324 5522 3504 5585 Ratio
