3976 6219
499 522 690 586 quam
734 500 923 563 habet
953 499 1256 581 originem
1292 497 1568 580 aliquam
1593 519 1632 561 a
1648 500 1792 579 jure
1823 499 2061 574 divino,

501 612 563 660 et
607 597 747 657 ideo
787 605 914 655 non
947 600 1037 655 est
1067 598 1213 672 apta
1243 593 1651 673 comparatio,
1689 611 1824 671 quae
1870 591 1942 653 fit
1984 591 2065 652 ad

500 690 868 768 dignitatem
905 687 1307 766 apostolatus3
1342 704 1490 747 nam
1516 685 1623 745 illa
1655 685 1773 746 fuit
1797 685 2067 763 dignitas

501 783 864 846 universalis
879 782 1324 861 jurisdictionis
1351 787 1631 860 respectu
1657 781 1845 841 totius
1862 779 2068 841 Eccle-

501 879 629 954 siae,
661 882 724 938 et
751 876 830 937 ab
853 876 986 955 ipso
1007 875 1147 954 jure
1169 874 1380 935 divino
1405 874 1526 934 fuit
1553 873 1961 934 determinata
1987 872 2067 933 ad

505 971 685 1030 illum
722 969 983 1047 gradum
1014 967 1425 1048 perfectionis
1458 966 1830 1045 Episcopalis
1856 971 2068 1027 autem

505 1062 777 1144 dignitas
811 1061 1013 1140 quoad
1044 1059 1537 1139 jurisdictionem
1584 1076 1712 1120 non
1753 1063 1846 1119 est
1875 1059 1964 1118 ita
1990 1059 2067 1120 de

497 1155 638 1234 jure
665 1153 901 1228 divino,
935 1171 1051 1215 nec
1078 1152 1270 1213 habet
1308 1150 1389 1213 ab
1415 1151 1522 1212 illo
1544 1156 1782 1213 certum
1808 1150 2066 1212 modum

501 1245 838 1327 potestatiS‚
869 1252 932 1308 et
957 1250 1403 1324 consequenter
1441 1262 1556 1306 nec
1590 1243 2064 1320 institutionem,

502 1340 609 1401 sed
648 1338 846 1399 solum
882 1338 1168 1416 generale
1198 1342 1575 1418 111-010ορ10111
1610 1337 1977 1398 instituendi
2005 1342 2069 1399 et

504 1431 859 1494 conferendi
886 1431 1093 1506 illam;
1126 1436 1187 1492 et
1212 1430 1330 1490 hoc
1343 1431 1527 1492 modo
1558 1430 1934 1491 sufficienter
1962 1448 2068 1491 ex-

503 1524 813 1606 plicantur
856 1524 1047 1584 verba
1094 1523 1302 1584 Pauli:
1357 1524 1440 1585 In
1483 1541 1594 1603 quo
1640 1541 1743 1585 vos
1782 1521 2068 1601 Spiritus

506 1617 775 1681 Sanctus
823 1618 1029 1695 posuit
1089 1616 1425 1694 Episcopos
1473 1632 1674 1694 reyere
1728 1614 2068 1677 Ecclesiam

504 1712 622 1773 Dei
633 1734 660 1780 ,·
685 1727 758 1770 eo
783 1709 881 1770 vel
905 1709 1177 1770 maxime
1222 1709 1387 1787 quod
1432 1708 1617 1769 etiam
1649 1724 1824 1785 reges
1853 1706 2071 1768 dicun-

502 1808 607 1863 tur
628 1819 888 1879 regnare
916 1819 1026 1881 per
1052 1802 1273 1876 Deum,
1297 1807 1360 1861 et
1386 1800 1615 1862 habere
1637 1806 2000 1880 potestatem
2030 1820 2069 1862 a

504 1897 654 1971 Deo,
674 1894 913 1955 etiamsi
921 1893 1325 1974 perhomines
1347 1894 1702 1956 immediate
1716 1893 2070 1956 illiscollata

503 1989 629 2050 sint
654 2004 885 2065 regna:
912 1988 1001 2048 ita
1023 2005 1172 2066 ergo
1208 1988 1355 2048 licet
1380 1988 1664 2067 Episcopi
1691 1988 2068 2049 constituan-

503 2087 609 2142 tur
654 2099 692 2140 a
718 2075 920 2155 Petro,
975 2081 1293 2141 verissime
1334 2080 1560 2141 dicitur
1600 2081 1829 2161 positos
1864 2099 1996 2143 esse
2030 2100 2071 2142 a

506 2173 737 2253 Spiritu
783 2173 1004 2234 Sancto
1053 2173 1131 2233 ad
1171 2173 1509 2251 regendam
1536 2174 1891 2251 Ecclesiam,
1922 2176 2070 2254 quia

507 2266 638 2326 hoec
665 2271 756 2327 est
780 2266 1066 2327 voluntas
1094 2267 1359 2346 Spiritus
1386 2267 1629 2343 Sancti,
1676 2273 1739 2328 et
1769 2286 1896 2328 non
1936 2269 2070 2330 sine

506 2360 698 2439 ipsius
719 2359 1120 2438 inspiratione
1143 2365 1205 2421 et
1226 2359 1654 2439 cooperatione
1694 2359 1787 2421 fit.
1814 2361 2072 2441 Reliqua

508 2471 646 2532 quae
672 2452 760 2513 ibi
788 2452 1098 2514 adduntur
1118 2454 1251 2532 jam
1273 2460 1419 2514 sunt
1440 2454 1745 2533 expedita.

587 2549 688 2607 24.
733 2545 826 2607 Ad
869 2546 1122 2606 tertium
1162 2564 1240 2607 ex
1272 2565 1411 2622 usu,
1449 2547 1887 2626 respondetur,
1936 2556 2072 2626 post

507 2639 827 2719 Apostolos
854 2657 1098 2719 semper
1134 2639 1319 2700 fuisse
1347 2640 1672 2720 Episcopos
1700 2645 1933 2701 creatos
1959 2660 2071 2720 per

506 2733 812 2806 homines,
844 2737 1051 2792 0111011
1077 2732 1436 2793 immediate
1457 2750 1496 2791 a
1524 2733 1785 2807 Christo,
1819 2738 1881 2793 et
1902 2751 2072 2794 acce-

510 2825 668 2904 pisse
693 2841 870 2884 suam
887 2828 1254 2903 potestatem
1269 2824 1579 2886 mediante
1594 2823 1890 2886 Pontifice
1902 2844 2070 2886 sum-

507 2933 612 2977 mo
629 2915 839 2995 aliquo
854 2915 1060 2991 modo,
1077 2917 1222 2977 licet
1254 2934 1382 2977 non
1410 2935 1653 2996 semper
1684 2917 1872 2978 fuerit
1902 2918 2071 2979 idem

508 3008 730 3069 modus
768 3014 1085 3085 servatus3
1115 3026 1263 3069 nam
1302 3009 1370 3068 in
1418 3009 1724 3089 principio
1765 3012 2069 3072 nascentis

506 3101 807 3178 Ecclesiae,
843 3101 989 3164 licet
1039 3103 1252 3164 Petrus
1295 3121 1408 3164 sua
1452 3103 1811 3166 auctoritate
1853 3123 2071 3184 quam-

506 3194 803 3275 plurimos
841 3195 1224 3276 episcopatus
1277 3197 1563 3270 erexerit,
1608 3202 1681 3257 ut
1723 3197 1846 3259 late
1881 3198 2072 3258 refert

506 3289 758 3364 Baron.,
784 3306 933 3350 ann.
960 3290 1063 3364 44,
1094 3307 1161 3349 11.
1194 3292 1293 3362 Η,
1325 3290 1426 3360 27,
1458 3294 1520 3350 et
1546 3307 1705 3369 saepe
1732 3290 1870 3351 aliis
1895 3291 2066 3367 10015,

504 3385 714 3441 tamen
732 3381 922 3441 etiam
940 3382 1047 3442 alii
1069 3381 1344 3461 Apostoli
1367 3400 1476 3461 per
1498 3386 1863 3461 potestatem
1892 3383 2011 3443 sibi
2033 3401 2072 3442 a

506 3472 746 3533 Christo
765 3490 1113 3533 concessam
1135 3472 1433 3534 Ecclesiae
1455 3474 1796 3552 erigebant,
1817 3479 1879 3535 et
1900 3475 2067 3554 Epis-

507 3583 689 3642 copos
720 3566 789 3625 in
806 3566 894 3626 eis
914 3566 1387 3641 constituebant,
1416 3573 1487 3627 ut
1512 3566 1589 3627 de
1618 3566 1809 3627 Paulo
1835 3568 2071 3629 dietum

507 3660 621 3731 est,
648 3662 712 3717 et
744 3656 820 3717 de
852 3675 916 3718 se
953 3658 1083 3737 ipse
1106 3664 1387 3734 testatur,
1427 3664 1490 3718 et
1511 3659 1588 3720 de
1612 3659 1851 3721 Joanne
1875 3663 2072 3722 Evan-

507 3748 725 3827 gelista
746 3750 835 3809 ait
854 3750 1108 3811 Hieron.
1140 3751 1217 3812 de
1241 3751 1528 3831 Scriptor.
1557 3752 1779 3815 Eccles.
1815 3774 1833 3818 z
1885 3754 2070 3819 Totas

505 3840 679 3903 Λεία*
703 3843 1013 3919 fundavit,
1047 3845 1317 3923 rexitque
1345 3844 1656 3908 Ecclesia-5
1674 3872 1701 3919 ,·
1729 3852 1791 3908 et
1832 3847 2070 3908 Tertul-

504 3933 654 3995 11011.
663 3979 684 4010 ,
714 3933 823 3995 lib.
846 3936 887 3996 4
915 3941 1129 3997 contra
1155 3937 1565 3999 Marcionem:
1600 3940 1910 4003 Habemus
1944 3940 2069 4018 (111-

507 4027 692 4106 quit)
736 4029 791 4091 J
792 4029 1003 4092 oannis
1055 4031 1334 4093 alumnas
1376 4030 1727 4094 Ecclesia-5:
1769 4050 1912 4094 nam
1956 4035 2072 4096 etsi

505 4121 787 4182 Marcion
810 4119 1245 4201 Apoealypsim
1269 4123 1400 4203 ejus
1419 4126 1672 4204 respuit,
1699 4126 1839 4187 ordo
1874 4131 2072 4189 tamen

505 4213 947 4294 Episcoporum
994 4216 1077 4277 ad
1113 4216 1407 4296 oriyinem
1450 4236 1746 4295 recensus,
1773 4220 1841 4281 in
1877 4221 1932 4283 J
1934 4238 2072 4282 oan-

504 4324 637 4369 nem
655 4307 843 4371 stabit
867 4313 1162 4371 auctorem
1185 4333 1212 4379 ,·
1252 4314 1314 4369 et
1352 4309 1429 4371 de
1474 4310 1612 4371 aliis
1649 4311 1936 4373 similiter
1979 4317 2074 4373 051

504 4405 748 4475 notum,
782 4417 854 4460 ac
877 4401 1308 4463 necessarium.

583 4493 683 4554 25.
734 4491 890 4555 Ordo
936 4494 1348 4558 hierarchicas
1380 4499 1541 4557 totus
1575 4512 1615 4557 a
1643 4495 1826 4558 Petro
1869 4498 2073 4576 depen-

505 4586 1165 4648 dam—Nihilominus
1186 4604 1334 4647 vero
1348 4587 1725 4650 credendum
1744 4595 1836 4651 est
1857 4607 2073 4651 omnes

505 4678 831 4759 Episcopos
852 4678 931 4739 ab
949 4678 1250 4759 Apostolis
1268 4685 1504 4742 creatos
1520 4680 1807 4744 habuisse
1830 4700 2073 4744 succes-

505 4789 693 4847 sores,
745 4771 952 4831 media
1000 4772 1162 4832 Petri
1213 4774 1601 4850 auctoritate,
1648 4775 1935 4850 mediate,
1971 4774 2074 4837 vel

505 4864 900 4939 immediate3
933 4881 1079 4925 nam
1108 4863 1259 4925 ordo
1287 4864 1705 4928 hierarchicus
1751 4868 2075 4947 Episcopo-

502 4974 671 5033 rum,
719 4957 1336 5037 Archiepiscoporum
1390 4964 1453 5020 et
1506 4960 2000 5021 Patriarcharum
2032 4979 2071 5022 a

504 5050 807 5131 principio
857 5049 1142 5111 Ecclesiae
1168 5050 1420 5131 incepit,
1453 5057 1516 5113 et
1537 5053 1682 5132 quia
1713 5053 1779 5113 111
1804 5053 2073 5115 Ecclesia

504 5148 802 5222 perpetuo
830 5148 963 5204 erat
987 5142 1340 5219 duraturus,
1385 5160 1512 5205 non
1547 5146 1680 5207 51110
1711 5149 2072 5207 auctoritate
2199 5158 2206 5164 '

507 5236 673 5295 Petri
689 5236 1008 5296 institutus
1035 5242 1149 5313 est,
1188 5241 1260 5296 ut
1285 5236 1458 5314 alibi,
1497 5240 1623 5299 Deo
1644 5238 1858 5313 dante,
1888 5239 2074 5301 latius

506 5326 814 5402 dicemus;
834 5334 984 5390 tunc
1011 5347 1159 5409 ergo
1180 5330 1250 5389 in
1267 5330 1433 5406 Asia,
1464 5336 1526 5391 et
1552 5332 1688 5393 aliis
1715 5332 2074 5412 regionibus

507 5418 939 5480 remotioribus
970 5439 1083 5502 per
1118 5421 1480 5484 electionem
1522 5425 1796 5504 aliquam
1828 5442 1968 5500 usu,
2014 5428 2075 5485 et

507 5512 696 5575 tacito
725 5529 1026 5575 consensu
1049 5515 1294 5577 romani
1314 5515 1626 5579 Pontificis
1645 5508 1882 5579 flebant
1900 5515 2076 5597 Epis-

1489 401 1608 456 Lm.
1645 403 1726 456 w.
1762 402 1843 454 DE
1873 401 2037 456 LEGE
2071 401 2360 455 Posrrlva
2392 400 2718 455 molum.

2145 499 2282 579 copi
2296 504 2357 559 et
2371 498 2716 578 superiores
2731 495 2995 575 Praelati,
3012 503 3077 560 et
3092 498 3349 563 fortasse
3368 501 3724 584 Archiepis-

2147 592 2281 670 copi
2306 591 2759 652 confirmabant
2784 591 3140 670 Episcopos,
3172 593 3238 654 in
3267 595 3512 657 Oriente
3532 603 3597 657 et
3618 616 3724 658 re-

2147 684 2436 763 gionibus
2453 683 2725 758 remotis,
2758 684 3127 746 Patriarchae
3141 691 3347 748 autem
3366 689 3725 770 Archiepis-

2148 793 2372 857 copos3
2409 777 2527 857 ipsi
2554 794 2701 839 vero
2750 776 3124 838 Patriarchoe
3165 796 3203 839 a
3233 781 3538 861 principio
3572 783 3724 843 fue-

2146 876 2297 931 runt
2318 889 2427 950 per
2444 871 2698 932 Petrum
2723 869 3016 946 instituti,
3041 877 3104 932 et
3120 879 3330 951 postea
3351 877 3724 937 auctoritate

2149 965 2440 1025 Romanoe
2491 962 2795 1037 Ecclesiae,
2845 963 2948 1024 vel
2990 965 3176 1026 modo
3221 966 3428 1047 aliquo
3476 968 3558 1028 ab
3607 968 3725 1029 illa

2146 1057 2500 1137 praescripto
2550 1056 3108 1133 constituebantur,
3149 1064 3211 1121 et
3252 1059 3332 1120 ad
3375 1060 3541 1122 hunc
3583 1080 3723 1122 mo-

2146 1149 2299 1212 dum
2327 1167 2570 1229 semper
2597 1153 2933 1229 potuerunt
2960 1150 3241 1231 Episcopi
3277 1152 3541 1214 mediate
3564 1198 3585 1229 ,
3615 1153 3723 1214 vel

2146 1242 2504 1303 immediate
2548 1260 2661 1322 per
2706 1259 3039 1302 romanum
3080 1243 3436 1305 Pontificem
3476 1247 3674 1306 creari
3698 1269 3717 1321 ;

2147 1341 2211 1397 01
2231 1334 2374 1396 11001
2392 1353 2501 1414 per
2529 1335 2920 1411 electionem,
2950 1335 3050 1397 vel
3071 1337 3550 1416 postulationem
3570 1339 3722 1399 cleri

2148 1432 2256 1489 aut
2282 1427 2496 1508 populi
2541 1426 2786 1503 fierent,
2810 1433 3078 1507 potestas
3104 1429 3237 1508 ipsa
3263 1448 3506 1510 semper
3531 1431 3724 1493 daba-

2147 1528 2253 1580 tur
2274 1521 2634 1596 auctoritate
2663 1521 2903 1600 capitis,
2928 1521 3028 1582 vel
3053 1540 3163 1601 per
3189 1541 3280 1599 se,
3304 1523 3402 1584 vel
3424 1542 3537 1603 per
3565 1525 3722 1586 alios

2148 1618 2495 1694 operantes,
2518 1613 2682 1693 quod
2702 1630 2897 1692 usque
2913 1613 3103 1675 hodie
3126 1622 3407 1677 servatur
3427 1617 3496 1676 in
3514 1617 3721 1679 Eccle-

2147 1707 2237 1767 sia
2254 1706 2587 1782 Catholica,
2617 1723 2978 1786 semperque
3026 1714 3341 1769 servatum
3376 1709 3571 1771 fuisse
3592 1729 3719 1772 cre-

2147 1799 2422 1861 dendum
2449 1804 2544 1860 est
2565 1821 2584 1874 ;
2606 1817 2777 1874 nam,
2798 1805 2870 1860 ut
2897 1800 2987 1860 ait
3019 1801 3285 1862 irenaeus
3301 1801 3412 1863 lib.
3446 1804 3506 1879 3,
3557 1821 3611 1863 c.
3639 1805 3712 1864 3:

2147 1891 2252 1954 Aa
2280 1893 2615 1954 Romanam
2651 1892 2996 1955 Ecclesiam
3033 1899 3284 1972 propter
3309 1895 3719 1973 principalio-

2147 2001 2273 2046 rem
2293 1983 2812 2063 principalitatem
2832 2003 3055 2048 necesse
3081 1991 3169 2048 est
3197 2005 3393 2049 omnes
3414 1988 3720 2049 convestire

2148 2076 2481 2151 Ecclesiae,
2511 2078 2618 2138 hoc
2643 2082 2755 2152 est,
2785 2095 2981 2139 omnes
2992 2079 3253 2159 undique
3268 2079 3507 2156 fidelem
3523 2078 3714 2159 quod,

2148 2168 2293 2229 licet
2333 2169 2602 2229 maxime
2629 2169 2707 2231 de
2728 2169 3007 2230 doctrina
3053 2169 3197 2232 fidei
3233 2190 3452 2232 verum
3484 2172 3591 2247 sit,
3624 2178 3719 2232 ta-

2149 2280 2297 2323 men
2338 2262 2526 2322 etiam
2572 2261 2780 2323 locum
2826 2262 3014 2324 habet
3039 2263 3107 2325 in
3146 2264 3242 2325 his
3263 2263 3558 2325 omnibus
3580 2283 3719 2344 quae

2150 2352 2230 2414 ad
2257 2353 2601 2415 universale
2624 2355 2927 2433 regimen,
2955 2361 3018 2417 et
3039 2358 3343 2436 graviores
3370 2359 3508 2436 ejus
3539 2363 3718 2418 actus

2151 2447 2484 2525 pertinent,
2515 2448 2679 2509 inter
2697 2466 2850 2528 quos
2872 2457 3258 2530 computatur
3286 2451 3522 2511 creatio
3544 2450 3717 2530 Epis-

2150 2558 2466 2620 coporum,
2498 2547 2568 2602 ut
2588 2542 2775 2602 tradit
2790 2541 3044 2620 Gregor.
3069 2544 3137 2604 in
3154 2562 3290 2624 cap.
3314 2545 3711 2622 Proeeeptum,

2149 2632 2292 2693 dist.
2329 2636 2429 2709 12,
2463 2639 2525 2694 et
2552 2634 2641 2694 ibi
2666 2634 2878 2695 Glossa
2924 2641 2985 2696 et
3029 2636 3138 2696 alii
3165 2642 3401 2712 notant,
3433 2642 3494 2696 et
3517 2636 3716 2696 sumi-

2147 2731 2253 2786 tur
2293 2744 2371 2787 ex
2403 2745 2536 2806 cap.
2569 2726 2886 2807 Antiquie,
2916 2732 2978 2804 9,
3004 2747 3066 2808 q.
3116 2730 3180 2804 3,
3209 2729 3361 2809 quod
3386 2734 3706 2808 sumptum

2149 2825 2243 2880 est
2282 2838 2357 2880 ex
2386 2820 2660 2900 Epistola
2687 2822 3007 2883 Athanasii
3032 2823 3112 2883 ad
3139 2823 3394 2885 Felicem
3425 2823 3695 2901 Papam:

2148 2913 2313 2972 unde
2336 2913 2522 2973 etiam
2553 2918 2727 2974 notat
2748 2913 2959 2975 Glossa
2983 2916 3052 2975 in
3071 2933 3207 2995 cap.
3239 2915 3596 2994 Quanquam,
3618 2914 3695 2975 de

2151 3004 2366 3081 Elect.,
2398 3006 2466 3065 in
2504 3007 2568 3081 6,
2598 3007 2762 3085 quod
2790 3007 2867 3068 de
2891 3009 3033 3087 jure
3072 3009 3331 3088 antiquo
3361 3013 3423 3068 et
3459 3007 3706 3086 disposi-

2148 3097 2315 3159 tione
2356 3098 2636 3161 Ecclesiae
2679 3105 2947 3181 potestas
2994 3100 3355 3163 conferendi
3403 3099 3715 3179 episcopa-

2148 3196 2284 3251 tum
2313 3193 2581 3271 pertinet
2608 3193 2688 3253 ad
2711 3195 2964 3274 Papam,
2991 3200 3054 3254 et
3074 3200 3250 3255 notat
3277 3193 3618 3255 Panormit.
3649 3194 3717 3253 in

2148 3303 2283 3365 cap.
2330 3287 2566 3361 Verum,
2594 3287 2671 3347 de
2698 3287 2854 3348 Foro
2880 3294 3255 3368 compet.,n.
3285 3292 3350 3348 Η
3369 3333 3385 3348 .

2229 3379 2328 3439 26.
2374 3378 2576 3457 Atque
2601 3378 2749 3439 hinc
2778 3380 3030 3441 tandem
3072 3380 3376 3460 explicata
3402 3385 3466 3441 et
3497 3379 3721 3440 confir-

2151 3478 2319 3532 mata
2345 3478 2558 3533 manet
2588 3472 2812 3533 ultima
2834 3492 2975 3554 pars
2994 3474 3368 3549 assertionis,
3389 3475 3459 3534 in
3480 3492 3607 3553 qua
3627 3474 3720 3534 di-

2150 3564 2438 3626 cebamus
2463 3571 2825 3644 potestatem
2862 3567 3023 3627 hanc
3045 3568 3487 3647 Episcoporum
3531 3568 3723 3646 origi-

2150 3675 2294 3718 nem
2318 3657 2548 3718 habere
2570 3677 2608 3718 a
2628 3659 2769 3737 jure
2795 3658 3030 3735 divino,
3057 3666 3120 3720 et
3141 3664 3520 3740 praeceptum
3545 3660 3722 3722 Chri-

2150 3750 2227 3810 sti
2256 3755 2370 3826 est,
2403 3756 2477 3810 ut
2496 3751 2765 3824 Ecclesia
2791 3770 2903 3831 per
2947 3753 3272 3832 Episcopos
3307 3752 3715 3832 gubernetur,

2149 3848 2212 3903 et
2236 3843 2400 3921 quod
2427 3861 2465 3903 a
2492 3845 2656 3922 Papa
2682 3850 2981 3905 vocentur
3007 3845 3073 3905 in
3092 3850 3333 3923 partem
3357 3846 3723 3906 sollicitudi-

2148 3938 2267 4012 nis,
2293 3937 2438 3998 licet
2464 3936 2706 4012 modus,
2750 3937 3205 4014 determinatio,
3237 3945 3300 3999 et
3332 3938 3584 4001 collatio
3606 3958 3721 4019 po-

2150 4029 2385 4089 testatis
2446 4047 2556 4108 per
2613 4029 2942 4092 arbitrium
2988 4037 3050 4091 et
3098 4030 3367 4110 prudens
3410 4032 3723 4111 judicium

2151 4121 2519 4183 Pontificum
2558 4122 2720 4182 facta
2778 4123 2879 4197 sit,
2935 4129 2997 4184 et
3038 4125 3276 4202 augeri,
3319 4124 3420 4185 vel
3460 4124 3723 4185 limitari

2152 4216 2344 4294 possit
2369 4221 2483 4290 ;111
2500 4221 2710 4277 autem
2738 4216 2868 4277 haec
2892 4216 3106 4277 omnia
3131 4215 3391 4278 clariora
3434 4215 3612 4293 fiant,
3658 4224 3722 4279 et

2151 4308 2227 4369 ad
2246 4326 2462 4369 omnes
2487 4308 2827 4387 singulares
2856 4326 3170 4389 personas,
3195 4327 3335 4388 quae
3351 4309 3723 4388 1030000010-

2152 4401 2420 4462 siasticas
2476 4402 2636 4463 ferre
2693 4408 2951 4482 possunt
3021 4402 3245 4464 melius
3295 4403 3720 4484 applicentur,

2152 4493 2456 4554 nonnulla
2494 4494 2830 4575 peculiaria
2867 4494 3059 4556 dubia
3093 4496 3157 4556 in
3197 4496 3479 4577 sequenti
3517 4497 3725 4577 capite

2155 4604 2588 4667 proponemus,
2615 4594 2677 4650 et
2703 4605 3103 4668 exponemus.

2742 4769 2991 4831 CAPUT
3040 4771 3116 4832 V.

2188 4954 2554 5027 nmmum
2580 4978 2885 5025 nomn
2909 4979 3108 5039 nunu,
3157 4980 3360 5033 0011105
3389 4953 3687 5028 meram

2199 5078 2217 5119 .·
2323 5072 2652 5118 surnmoms
2690 5072 2913 5119 cums
2943 5072 3122 5119 nais
3149 5073 3533 5120 0111101100.

2236 5243 2292 5300 1.
2341 5240 2609 5302 Dubium
2629 5240 2921 5320 primam.
2947 5272 3030 5286 —
3062 5240 3398 5323 Episcopo-s·
3419 5262 3537 5306 non
3554 5263 3733 5325 posse

2154 5328 2394 5415 atiquid
2433 5336 2695 5395 statuere
2735 5338 2942 5396 eontra
2966 5334 3082 5413 jus
3108 5351 3408 5398 commane
3441 5337 3536 5400 vel
3563 5339 3736 5401 circa

2156 5441 2224 5488 ea
2247 5443 2380 5505 μω
2399 5426 2578 5504 Papa
2596 5427 2716 5489 eibi
2738 5427 3082 5507 specialiter
3101 5430 3738 5494 reservavit—Circa

2155 5535 2288 5599 Μ
2305 5536 2422 5587 non
2439 5524 2635 5600 potest
2657 5525 2920 5585 statuere
2942 5520 3585 5603 Episcopos,—eirea
3597 5543 3741 5607 μω
