3976 6219
581 343 702 401 434

580 449 722 511 lect.
753 450 814 523 2,
845 465 910 507 n.
946 447 1047 523 20,
1081 458 1144 509 et
1169 445 1447 525 sequitur
1475 446 1682 507 Castro
1726 459 1934 522 supra.
1965 440 2144 502 Ratio

581 541 890 621 praecipua
915 546 1030 615 est,
1061 539 1210 619 quia
1235 557 1418 619 poena
1443 536 1930 600 conventionalis
1961 535 2145 596 debe-

579 641 683 695 tur
705 651 783 694 ex
809 634 872 693 vi
900 634 1063 713 pacti
1085 654 1102 708 3
1135 632 1300 712 quod
1325 639 1536 693 autem
1560 630 1821 692 debetur
1843 648 1920 691 ex
1936 633 2140 707 pacto,

581 726 840 789 debetur
861 727 929 785 in
951 725 1324 787 conscientia
1335 729 1479 785 ante
1500 724 1725 802 judicis
1743 723 2138 797 sententiam3

579 836 745 899 ergo,
775 820 972 897 Major
991 818 1237 879 videtur
1261 817 1444 897 plane
1463 816 1672 894 colligi
1693 834 1772 877 ex
1792 816 1837 876 1.
1863 816 2143 895 Rescrip-

581 919 732 989 tum,
767 912 804 991 ξ
831 913 913 974 Si
933 917 1134 991 pacto,
1163 909 1232 972 ff.
1262 912 1340 972 (10
1372 912 1566 985 Ρο01.,
1593 909 1867 971 dicente:
1897 908 2143 989 Siquis

576 1006 646 1069 iu
689 1011 864 1085 pacto
905 1023 1140 1083 pce-nam
1183 1004 1514 1082 stipulatus
1561 1010 1671 1079 est,
1719 1021 1890 1083 posse
1933 1009 2139 1083 postea

578 1115 754 1178 affere
774 1099 865 1161 vel
893 1117 964 1163 ex
984 1104 1182 1178 pacm,
1207 1099 1298 1161 vel
1319 1115 1390 1161 ex
1417 1098 1806 1175 stipulatione
1831 1116 1937 1161 auo
1971 1098 2139 1160 arbi-

578 1194 698 1255 trio
715 1219 737 1253 .·
765 1211 914 1271 0130
933 1192 1226 1273 supponit
1256 1191 1364 1251 illa
1389 1192 1490 1253 lex
1512 1209 1763 1271 poenam
1783 1191 2141 1253 conventio-

575 1286 782 1349 nalem
831 1286 1044 1349 deberi
1083 1304 1162 1348 ex
1210 1291 1387 1365 pacto
1411 1330 1432 1362 ,
1481 1290 1544 1347 et
1588 1304 1665 1348 ex
1707 1285 2135 1365 promissione.

575 1380 842 1459 Uterque
869 1386 1080 1441 autem
1103 1379 1320 1440 titulus
1340 1378 1581 1439 inducit
1601 1378 2043 1457 obligationem
2070 1377 2139 1439 in

577 1474 972 1549 conscientia,
1021 1480 1084 1535 et
1121 1472 1260 1533 ideo
1289 1471 1453 1533 Glos.
1499 1471 1590 1531 ibi
1631 1470 2045 1533 differentiam
2070 1472 2139 1532 in

572 1566 689 1628 11οο
714 1566 1028 1628 constituit
1053 1566 1218 1627 inter
1238 1582 1488 1645 poenam
1504 1564 1770 1643 legalem
1795 1569 1859 1625 et
1875 1581 2139 1627 conven-

573 1660 896 1737 tionalem,
936 1678 1073 1740 quae
1101 1677 1230 1721 non
1255 1664 1456 1739 potest
1481 1675 1608 1721 esse
1639 1657 1786 1734 alia,
1815 1658 1937 1719 nisi
1971 1658 2139 1737 quod

574 1751 677 1815 lex
702 1771 814 1832 per
855 1772 920 1815 se
948 1771 1078 1814 non
1106 1752 1340 1830 obligat
1365 1752 1445 1812 ad
1472 1767 1761 1830 poenam3
1811 1752 2139 1813 conventio

579 1850 789 1908 autem
817 1864 924 1907 seu
948 1851 1206 1925 paetum,
1230 1843 1482 1922 obligat.
1509 1844 1862 1906 Declaratur
1883 1843 1951 1904 in
1982 1843 2141 1906 votis

575 1939 924 2020 poenalibus
947 1962 964 2014 3
996 1957 1146 2000 nam
1172 1938 1224 1998 si
1249 1938 1386 2017 quis
1411 1938 1582 1999 vovit
1621 1936 1858 2017 aliquid
1883 1938 2002 1999 suh
2027 1938 2143 1999 tali

571 2052 778 2114 poena,
823 2039 1108 2095 censetur
1149 2032 1388 2093 vovisse
1435 2048 1709 2111 poenam,
1747 2030 2043 2111 illamque
2069 2030 2140 2091 in

571 2128 947 2192 conscientia
973 2132 1221 2189 tenetur
1247 2127 1528 2205 implere,
1554 2125 1608 2186 si
1633 2125 1976 2205 principale
1998 2142 2139 2204 pro-

569 2221 826 2283 missum
853 2218 1006 2297 {non
1045 2220 1393 2301 implevitflz
1441 2237 1590 2299 ergo
1636 2218 1808 2280 idem
1857 2223 1950 2279 est
1994 2236 2137 2279 cum

570 2315 964 2395 proportione
981 2314 1050 2375 in
1069 2314 1496 2394 promissione,
1513 2311 1614 2375 vel
1633 2316 1812 2392 pacto
1832 2310 2131 2372 humano:

571 2426 720 2471 nam
749 2413 840 2469 est
875 2407 1092 2469 eadem
1117 2407 1276 2468 ratio
1303 2425 1441 2487 quae
1467 2407 1536 2467 in
1563 2411 1731 2481 voto,
1761 2404 1829 2464 in
1857 2422 1978 2484 quo
2012 2422 2140 2483 poe-

568 2518 652 2563 na
680 2508 965 2565 censetur
985 2502 1284 2582 promissa
1310 2502 1458 2575 Deo,
1485 2498 1585 2560 vel
1604 2498 1672 2557 in
1700 2514 1948 2577 poenam
1974 2496 2141 2576 prio-

567 2598 654 2657 ris
671 2594 1194 2675 transgressioniS,
1207 2593 1306 2655 vel
1319 2592 1387 2653 in
1405 2591 1711 2652 defectum
1727 2590 1980 2651 alterius
1994 2608 2135 2669 ope·

566 2693 676 2766 ria,
690 2690 868 2770 quasi
879 2688 992 2749 sub
1011 2687 1421 2765 disjunctione
1432 2683 1740 2764 promissi:
1756 2683 1922 2745 idem
1937 2688 2145 2745 autem

569 2789 662 2845 est
696 2781 918 2843 modus
955 2780 1376 2863 promissionis
1418 2777 1708 2839 humanae
1717 2822 1738 2853 ,
1777 2782 1851 2837 ut
1881 2782 2139 2838 constat.

653 2878 714 2937 6.
759 2876 1011 2938 Poenam
1051 2872 1545 2937 oonvmtioualom
1584 2888 1703 2932 non
1743 2871 1936 2932 deberi
1980 2875 2144 2933 anto-

569 2986 752 3049 quam
768 2972 1020 3047 petatur
1043 2984 1243 3030 coram
1270 2966 1510 3046 judice,
1547 2968 1602 3025 et
1625 2963 1849 3026 debitor
1873 2965 2135 3027 condom-

572 3068 778 3135 mcur,
811 3062 948 3124 licet
969 3061 1040 3124 in
1072 3063 1378 3123 contractu
1417 3057 1744 3137 wplioetm·
1772 3074 2011 3137 poenam
2036 3059 2131 3121 in-

469 3227 473 3232 .
569 3159 741 3220 carri
765 3158 898 3235 ipso
922 3159 1110 3232 facto,
1141 3157 1323 3219 sentit
1354 3153 2133 3234 Vasquezae-Nihilominus

567 3249 1004 3312 limitationem
1053 3249 1216 3310 110110
1261 3264 1390 3308 11011
1435 3246 1712 3307 admittit
1755 3247 2010 3308 Navarr.
2057 3247 2122 3308 d.

570 3361 702 3422 cap.
739 3345 820 3403 23
840 3388 859 3418 ,
905 3362 971 3404 n.
1007 3343 1109 3402 68.
1158 3343 1288 3402 Imo
1329 3339 1588 3419 ampliat
1639 3339 1920 3418 regulam
1963 3340 2126 3418 posi-

568 3441 722 3510 tam,
766 3440 838 3494 ut
862 3453 992 3496 non
1025 3433 1226 3494 solum
1268 3433 1554 3513 procedat
1591 3431 1661 3492 in
1687 3449 1871 3512 poena
1912 3433 2123 3511 legali,

569 3528 676 3589 sed
725 3527 914 3588 etiam
962 3527 1032 3586 in
1075 3524 1534 3587 conventionali
1565 3540 1587 3601 ;
1643 3525 1752 3603 qui
1807 3524 2127 3586 neminem

569 3640 682 3702 pro
717 3639 830 3681 sua
873 3621 1177 3681 sententia
1212 3619 1439 3696 allegat
1462 3662 1484 3694 ,
1531 3636 1648 3678 nec
1689 3618 1910 3697 probat
1953 3618 2127 3702 illam

568 3715 775 3792 aliquo
797 3718 996 3788 texta,
1029 3713 1131 3773 vel
1151 3712 1390 3773 ratione
1407 3710 1697 3790 juridica,
1746 3712 1851 3773 sed
1879 3716 2125 3772 tantum

570 3825 644 3867 ex
675 3805 1144 3883 consuetudine,
1173 3805 1322 3885 quia
1347 3804 1444 3866 hae
1464 3823 1662 3885 poenoe
1687 3807 2129 3868 conventiona-

570 3900 662 3962 les
691 3898 1104 3962 communiter
1140 3917 1268 3960 non
1304 3899 1658 3976 solvuntur,
1697 3899 1818 3960 nisi
1857 3901 2129 3962 interve-

571 3995 708 4056 niat
734 3994 963 4056 coactio
979 4039 1000 4068 ,
1049 3997 1112 4053 et
1137 3993 1226 4053 ita
1263 3992 1398 4072 ipsa
1423 3993 1804 4054 consuetudo
1829 3992 2131 4072 interpre-

569 4093 759 4164 tatur,
787 4087 1200 4148 intentionem
1219 4086 1720 4148 contrahentium
1747 4104 1876 4148 esse
1903 4091 1975 4146 ut
1994 4087 2137 4146 talis

566 4199 751 4262 poena
783 4199 911 4243 non
933 4181 1114 4242 aliter
1135 4179 1449 4242 debeatur.
1479 4181 1651 4241 Hanc
1669 4181 2027 4260 opinionem
2046 4199 2137 4264 se-

570 4276 786 4356 quitur
813 4276 1090 4355 Vasquez
1118 4277 1176 4336 1.
1211 4277 1273 4352 Ξ,
1305 4274 1460 4354 disp.
1500 4277 1640 4350 173,
1671 4291 1805 4353 cap.
1832 4277 1903 4350 13
1934 4273 2133 4334 addit-

571 4389 694 4451 que
725 4369 1070 4432 Navarrum
1108 4368 1481 4430 intellexisse
1516 4367 1679 4428 hanc
1713 4384 1963 4446 poenam
1991 4383 2135 4427 con-

569 4464 989 4525 ventionalem
1052 4479 1181 4522 non
1238 4461 1450 4522 deberi
1499 4467 1832 4540 antequam
1885 4464 2133 4538 petatur

489 4595 508 4610 ·
572 4575 780 4620 coram
806 4557 1015 4635 judice
1032 4600 1053 4632 ,
1088 4561 1150 4616 et
1177 4553 1420 4614 debitor
1453 4553 1931 4628 condemnetur,
1963 4552 2129 4630 quod

571 4658 666 4714 est
681 4649 1038 4723 verisimile,
1061 4647 1206 4709 licet
1227 4648 1536 4708 Navarrus
1559 4647 1620 4706 id
1641 4662 1770 4705 non
1789 4644 2131 4724 explicave-

571 4745 676 4821 rit,
707 4743 856 4823 quia
887 4741 1009 4803 alia
1047 4758 1176 4801 non
1216 4745 1308 4800 est
1350 4739 1600 4819 propria
1639 4739 1895 4798 coactio.
1944 4737 2133 4798 Addit

567 4843 866 4918 praeterea
895 4835 1058 4895 110110
1083 4832 1452 4894 sententiam
1477 4830 1808 4911 procedere
1828 4875 1850 4906 ,
1889 4829 2133 4892 etiamsi

569 4933 638 4992 in
665 4935 982 4992 contractu
1007 4944 1365 5007 expressum
1385 4925 1466 4985 sit
1495 4931 1567 4985 ut
1593 4941 1778 5003 poena
1803 4925 1933 5002 ipso
1967 4923 2131 4985 facto

572 5027 948 5098 incurratur,
989 5020 1156 5102 quod
1181 5021 1434 5081 Navarr.
1471 5035 1601 5078 non
1626 5016 1804 5092 dixit,
1853 5033 1967 5078 1100
2002 5016 2133 5096 ipse

573 5117 753 5180 aliter
791 5116 1031 5197 probat.
1081 5113 1357 5193 Denique
1397 5111 1626 5190 allegat
1667 5109 1916 5172 Covarr.
1949 5109 2017 5170 in
2050 5112 2133 5171 42

572 5231 664 5292 p.,
695 5231 746 5272 c.
785 5213 846 5286 6,
877 5209 914 5290 ξ
947 5211 1007 5286 8,
1037 5227 1104 5268 n.
1138 5211 1206 5268 11
1231 5253 1250 5282 ,
1290 5205 1464 5285 cujus
1496 5205 1804 5266 sententia
1830 5203 2017 5282 101130
2040 5204 2133 5265 (11-

569 5322 750 5366 versa
770 5307 889 5364 est:
912 5303 1000 5361 ait
1019 5301 1186 5361 enim
1200 5317 1448 5380 poenam
1471 5297 2007 5360 conventionalem
2030 5299 2135 5359 de-

568 5399 705 5461 beri
723 5397 789 5456 in
816 5394 1208 5470 conscientia,
1234 5394 1286 5454 si
1320 5393 1400 5454 ab
1437 5393 1630 5454 altera
1659 5395 1832 5470 parte
1861 5396 2131 5469 petatur,

567 5492 736 5554 unde
768 5506 897 5550 non
939 5486 1200 5566 requirit
1243 5485 1617 5548 sententiam
1650 5483 1901 5562 judicis,
1943 5489 2009 5545 et
2046 5484 2136 5544 ita

1469 344 1588 397 ΜΒ.
1625 344 1684 395 V.
1719 341 1800 395 DE
1831 337 2189 393 VARIETATE
2222 338 2433 393 LEGUM
2462 342 2875 399 nmmum,

2224 441 2662 522 interpretatur
2682 446 2955 524 priorem
2974 448 3356 527 sententiam,
3384 458 3443 514 et
3470 454 3704 523 differen.

2222 537 2375 599 tiam
2400 537 2565 599 inter
2580 557 2831 617 poenam
2847 542 3370 605 conventionalem
3390 552 3449 606 et
3466 548 3704 626 legalem,

2222 632 2377 693 Nam
2423 631 2491 691 in
2530 631 2769 711 reliquo
2820 633 2969 693 dicit
3016 653 3260 697 servare
3290 642 3706 723 proportionem,

2222 726 2392 806 quia,
2418 725 2577 787 sieut
2602 726 2895 787 nonlicet
2914 728 3197 790 resistere
3210 730 3403 808 judici
3424 733 3711 813 imponenti

2217 836 2495 898 poenam,
2525 819 2617 879 ita
2636 836 2751 879 1100
2776 818 2923 880 lieet
2962 820 3245 883 resistere
3270 826 3489 901 petenti
3510 846 3709 906 poenam

2219 930 2297 973 ex
2333 918 2513 992 pacto
2552 911 2845 974 (1011110111.
2894 913 3083 974 Addit
3124 933 3265 975 vere
3308 915 3557 994 Covarr„
3592 923 3715 985 sicut

2217 1024 2401 1086 poena
2422 1006 2637 1085 legalis
2657 1024 2789 1067 non
2820 1006 3081 1069 debetur
3106 1012 3253 1069 ante
3274 1012 3629 1090 sententiam,
3650 1018 3715 1079 ita

2217 1118 2333 1163 1100
2376 1100 2914 1163 conventionalem
2963 1100 3179 1163 deberi
3238 1108 3547 1183 antequam
3586 1116 3715 1186 peta.

2220 1198 2326 1254 tur
2348 1212 2364 1255 z
2386 1194 2546 1255 ratio
2564 1194 2697 1273 ejus
2714 1200 2828 1269 est,
2868 1194 3040 1274 quia,
3080 1195 3332 1273 quando
3350 1195 3499 1259 alius
3516 1218 3714 1278 poenam

2218 1305 2349 1348 non
2375 1287 2571 1366 petit,
2606 1306 2687 1349 ex
2705 1288 2877 1365 justa
2902 1289 3259 1367 conjectura
3278 1289 3431 1350 alter
3458 1296 3717 1369 proesumit

2218 1380 2393 1441 illam
2418 1380 2537 1441 sibi
2562 1380 2879 1443 remittere
2902 1404 2922 1457 ;
2956 1400 3085 1443 non
3122 1382 3375 1462 exponit
3396 1388 3585 1445 autem
3614 1404 3716 1465 quae

2216 1474 2298 1535 sit
2336 1474 2455 1535 ista
2491 1476 2881 1554 conjectura3
2922 1481 3125 1555 potest
3152 1482 3363 1537 autem
3408 1476 3594 1538 afferri
3618 1479 3713 1556 illa,

2216 1586 2341 1647 qua
2368 1568 2569 1629 utitur
2604 1569 2888 1644 Navarr„
2917 1569 3065 1649 quia
3090 1568 3467 1630 honestiores
3492 1570 3717 1633 homines

2218 1680 2347 1724 non
2374 1660 2549 1724 decet
2574 1662 2687 1723 has
2706 1680 2925 1741 poenas
2956 1662 3233 1741 exigere,
3262 1666 3369 1722 aut
3392 1662 3557 1737 velle,
3578 1682 3717 1741 argu-

2220 1761 2432 1817 mento
2458 1773 2513 1817 0.
2547 1755 2770 1833 Suam,
2816 1756 2895 1817 de
2922 1756 3148 1833 Poenis,
3194 1761 3261 1817 et
3278 1774 3333 1816 0.
3362 1756 3712 1832 Fratmitus,

2227 1850 2327 1925 12,
2356 1868 2420 1929 q.
2438 1850 2499 1909 2.
2647 1846 2651 1851 ’
2766 1902 2769 1905 ,

2304 1946 2361 2004 7.
2406 1941 2715 2007 Resolutio
2744 1941 3032 2005 amoris.
3060 1975 3145 1987 —
3170 1942 3400 2003 Neutra
3420 1958 3493 2003 ex
3516 1940 3599 2003 his
3616 1960 3716 2005 sen·

2222 2035 2431 2098 tentiis
2455 2040 2657 2114 potest
2676 2053 2716 2095 a
2737 2034 2915 2095 nobis
2936 2033 3301 2113 simpliciter
3338 2040 3399 2096 et
3432 2034 3495 2093 in
3521 2036 3718 2095 univer-

2218 2148 2358 2191 sum
2374 2128 2649 2207 probari.
2682 2127 2895 2188 Dicere
2912 2135 3127 2188 tamen
3148 2142 3483 2207 possumus,
3505 2128 3717 2206 priorem

2217 2242 2345 2286 esse
2372 2208 2586 2285 veram
2606 2222 2683 2283 de
2714 2220 2920 2299 rigore
2932 2220 3117 2299 juris,
3151 2219 3229 2281 de
3252 2218 3412 2281 facto
3432 2238 3564 2280 vero
3584 2238 3719 2299 posse

2216 2317 2599 2379 contrarium
2648 2315 3011 2392 contingere
3042 2331 3123 2374 ex
3152 2312 3495 2391 intentione
3531 2318 3719 2373 00111111-

2216 2412 2526 2473 hentium.
2580 2408 2753 2482 Quod
2776 2424 2927 2485 ergo
2966 2406 3045 2467 de
3072 2406 3215 2485 lege
3244 2404 3502 2466 diximus
3517 2449 3537 2480 ,
3570 2406 3643 2465 ita
3662 2404 3719 2463 de

2216 2508 2395 2584 pacto
2424 2501 2753 2563 dicendum
2789 2504 2904 2575 est,
2956 2498 3214 2574 scilicet,
3258 2497 3421 2559 aliud
3452 2514 3569 2558 esse
3589 2496 3717 2573 loqui

2224 2597 2299 2658 de
2326 2600 2647 2677 potestate,
2678 2592 2847 2655 aliud
2874 2591 2953 2653 de
2978 2591 3170 2652 facto.
3204 2592 3358 2652 Nam
3380 2589 3453 2651 de
3478 2594 3719 2669 potestate

2224 2696 2463 2752 certum
2496 2694 2591 2749 est
2627 2704 2803 2767 posse
2835 2684 3272 2747 contrahentes
3324 2681 3621 2743 convenire
3660 2680 3717 2739 de

2222 2802 2409 2864 poena
2435 2780 2731 2844 solvenda
2752 2779 2821 2839 in
2840 2778 3241 2854 conscientia,
3268 2776 3345 2839 ah
3370 2776 3471 2836 illo
3490 2776 3585 2853 qni
3608 2791 3715 2833 con-

2222 2883 2489 2941 tractum
2517 2873 2619 2939 vel
2644 2872 3020 2953 promissum
3042 2888 3177 2931 non
3204 2867 3547 2942 servaverit,
3570 2866 3715 2927 etiam

2216 2994 2346 3042 non
2386 2974 2708 3049 expectata
2738 2965 2995 3027 alterius
3026 2966 3351 3044 petitione.
3398 2960 3553 3035 Quod
3574 2976 3717 3019 nemo

2213 3084 2447 3149 negare
2487 3067 2722 3143 potest,
2778 3076 2923 3121 cum
2968 3057 3087 3120 hoc
3120 3056 3300 3119 nulla
3327 3055 3459 3134 lege
3500 3050 3717 3114 naturali

2208 3166 2309 3230 vel
2346 3163 2623 3223 humana
2650 3156 2729 3216 sit
2762 3153 3173 3234 prohibitum,
3200 3159 3263 3214 et
3286 3169 3409 3212 non
3426 3148 3647 3212 excedat
3659 3144 3713 3204 li-

2208 3260 2425 3321 beram
2456 3251 2817 3315 facultatem
2838 3247 3369 3308 contrahentium.
3400 3246 3613 3322 Loquor
3630 3255 3715 3299 au·

2204 3360 2335 3416 tem
2362 3344 2707 3428 generatim
2738 3341 2817 3402 (10
2842 3339 3265 3402 contractibus
3294 3341 3359 3400 in
3388 3337 3589 3418 quibus
3616 3349 3713 3393 non

2206 3451 2297 3507 est
2314 3437 2702 3524 prohibitum
2724 3450 2975 3515 poenam
3002 3447 3357 3513 apponere:
3388 3447 3521 3492 nam
3544 3427 3589 3487 si
3608 3424 3715 3504 quis

2206 3543 2299 3599 est
2338 3531 2617 3615 specialis
2662 3531 3013 3589 contractus
3036 3573 3057 3602 ,
3096 3525 3213 3586 ubi
3240 3526 3357 3587 hoc
3386 3529 3471 3586 est
3491 3516 3716 3602 prohihi-

2204 3637 2343 3691 tum
2374 3674 2394 3704 ,
2454 3631 2525 3686 ut
2574 3623 2651 3684 de
2716 3619 3103 3700 sponsalibus
3162 3620 3451 3682 statuitur
3502 3616 3563 3674 in
3604 3627 3710 3687 cap.

2210 3722 2475 3794 Gemma,
2514 3717 2591 3778 de
2618 3716 2867 3794 Spons.,
2897 3713 2985 3773 ihi
3012 3729 3127 3773 1100
3153 3712 3227 3773 111
3260 3705 3601 3773 conscientia
3624 3716 3714 3762 nec

2206 3833 2317 3896 per
2342 3807 2718 3875 sententiam
2744 3803 2953 3870 debita
2984 3811 3079 3866 est
3104 3821 3317 3884 poena.
3348 3799 3714 3876 Quandocum-

2206 3927 2327 3989 que
2352 3923 2499 3968 vero
2520 3901 2765 3964 licitum
2806 3904 2899 3962 est
2928 3916 3179 3978 poenam
3226 3913 3485 3978 ponere,
3525 3889 3715 3952 licitum

2211 4006 2303 4062 est
2342 4017 2471 4061 sese
2510 3995 2775 4058 invicem
2818 3991 3264 4053 contrahentes
3303 3991 3370 4052 in
3406 3980 3717 4050 conscientia

2212 4093 2510 4172 obligare.
2526 4089 2696 4151 Sient
2706 4085 2897 4148 etiam
2916 4090 3009 4146 est
3030 4089 3277 4146 certum
3294 4082 3473 4164 quod,
3496 4077 3543 4140 si
3556 4073 3716 4137 nolint

2216 4205 2281 4247 se
2314 4185 2403 4246 ita
2438 4182 2715 4260 obligare
2736 4224 2756 4255 ,
2796 4179 2900 4239 sed
2928 4177 3129 4238 solum
3148 4183 3222 4240 ut
3248 4177 3391 4256 cogi
3410 4171 3610 4255 possint
3628 4181 3716 4244 per

2209 4278 2485 4358 judicem
2507 4275 2588 4336 ad
2615 4273 2804 4334 talem
2830 4289 3080 4351 poenam
3102 4271 3475 4344 solvendam,
3493 4265 3551 4326 id
3564 4259 3713 4324 etiam

2210 4371 2482 4452 positum
2506 4368 2585 4429 sit
2607 4367 2677 4428 in
2706 4383 2924 4427 eorum
2944 4363 3292 4441 voluntate,
3330 4363 3469 4443 quia
3494 4353 3627 4420 nihil
3644 4354 3713 4411 est

2210 4464 2376 4546 quod
2400 4481 2505 4524 eos
2532 4459 2857 4522 necessitet
2880 4457 2961 4518 ad
2987 4475 3053 4518 se
3080 4457 3283 4536 magis
3308 4449 3678 4534 obligandum·

2290 4561 2349 4620 8.
2393 4559 2505 4620 Es·
2530 4555 2855 4618 intentione
2880 4553 3359 4617 contrahmium
3372 4543 3711 4630 judicandum

2210 4655 2279 4716 de
2306 4651 2672 4730 obliyatiom
2698 4647 2961 4711 solvendi
2998 4663 3233 4726 pamm
3251 4669 3281 4718 ,·
3319 4650 3376 4708 et
3396 4637 3633 4709 sectando,
3657 4647 3713 4694 &¹⁶

2210 4744 2407 4808 verbis
2452 4745 2723 4822 ipsorum
2750 4765 2777 4813 ;
2813 4741 2872 4804 si
2920 4739 3259 4803 contineant
3292 4731 3709 4818 promissionem,

2209 4839 2388 4917 plano
2416 4836 2692 4899 solvenda
2738 4838 2825 4896 est
2859 4834 2929 4895 in
2972 4832 3331 4898 medentia
3371 4833 3499 4893 ante
3522 4823 3709 4888 seuten-

2212 4931 2366 4994 tiam
2374 4929 2633 5009 judicis,
2658 4927 2786 4989 nisi
2806 4931 3027 4989 constet
3046 4928 3119 4989 do
3136 4923 3444 4988 contraria
3462 4916 3710 5016 σοι-ΜΨ-

2210 5023 2365 5085 dine.
2390 5054 2473 5066 —
2498 5021 2590 5080 Ex
2612 5019 2712 5080 his
2738 5035 2891 5097 0130
2916 5019 3161 5098 0011130,
3186 5018 3257 5080 111
3278 5008 3711 5082 0000010011οψ-

2212 5115 2549 5177 dicandum
2590 5131 2719 5174 esse
2750 5113 2830 5174 de
2864 5111 3242 5192 obligatione
3272 5099 3709 5176 contrahentium

2214 5227 2292 5271 ex
2334 5207 2681 5268 intentione
2722 5206 2995 5286 ipsorum
3018 5251 3041 5282 ,
3094 5206 3243 5286 quia
3280 5223 3359 5267 ex
3396 5201 3497 5264 ina
3530 5189 3713 5290 pendet

2214 5301 2532 5381 obligatio,
2582 5305 2644 5361 et
2686 5298 2891 5379 quoad
2934 5299 3110 5362 illam
3152 5315 3366 5360 eorum
3398 5287 3709 5392 confessiom

2213 5394 2504 5455 standum
2528 5397 2621 5454 est
2643 5392 2711 5452 in
2728 5392 2865 5453 foro
2880 5391 3289 5454 eonscientiae.
3314 5388 3379 5451 Si
3396 5389 3586 5448 autem
3604 5389 3711 5436 nffi·

2212 5485 2379 5549 ciant
2405 5483 2737 5567 specialem
2754 5485 3171 5550 intentionem
3190 5483 3513 5568 explicare,
3530 5471 3620 5536 sed
3636 5483 3710 5530 ⁵0·
